%YAML 1.1
%TAG !u! tag:unity3d.com,2011:
--- !u!1 &1717338445448160266
GameObject:
  m_ObjectHideFlags: 0
  m_CorrespondingSourceObject: {fileID: 0}
  m_PrefabInstance: {fileID: 0}
  m_PrefabAsset: {fileID: 0}
  serializedVersion: 6
  m_Component:
  - component: {fileID: 8929637256574208732}
  - component: {fileID: 7776317086630205202}
  - component: {fileID: 5658395820701646877}
  m_Layer: 0
  m_Name: Wall004
  m_TagString: Untagged
  m_Icon: {fileID: 0}
  m_NavMeshLayer: 0
  m_StaticEditorFlags: 0
  m_IsActive: 1
--- !u!4 &8929637256574208732
Transform:
  m_ObjectHideFlags: 0
  m_CorrespondingSourceObject: {fileID: 0}
  m_PrefabInstance: {fileID: 0}
  m_PrefabAsset: {fileID: 0}
  m_GameObject: {fileID: 1717338445448160266}
  m_LocalRotation: {x: -0.7071068, y: 0, z: -0, w: 0.7071068}
  m_LocalPosition: {x: 5, y: 0, z: 0.000000076293944}
  m_LocalScale: {x: 1, y: 1, z: 1}
  m_Children: []
  m_Father: {fileID: 7060790429761114409}
  m_RootOrder: 1
  m_LocalEulerAnglesHint: {x: 0, y: 0, z: 0}
--- !u!33 &7776317086630205202
MeshFilter:
  m_ObjectHideFlags: 0
  m_CorrespondingSourceObject: {fileID: 0}
  m_PrefabInstance: {fileID: 0}
  m_PrefabAsset: {fileID: 0}
  m_GameObject: {fileID: 1717338445448160266}
  m_Mesh: {fileID: 4528902607516821780, guid: bc4abda6639e31f4c8784c67383e2c55, type: 3}
--- !u!23 &5658395820701646877
MeshRenderer:
  m_ObjectHideFlags: 0
  m_CorrespondingSourceObject: {fileID: 0}
  m_PrefabInstance: {fileID: 0}
  m_PrefabAsset: {fileID: 0}
  m_GameObject: {fileID: 1717338445448160266}
  m_Enabled: 1
  m_CastShadows: 1
  m_ReceiveShadows: 1
  m_DynamicOccludee: 1
  m_MotionVectors: 1
  m_LightProbeUsage: 1
  m_ReflectionProbeUsage: 1
  m_RayTracingMode: 2
  m_RenderingLayerMask: 1
  m_RendererPriority: 0
  m_Materials:
  - {fileID: 2100000, guid: bdbc072ecc15d7447a3ce3e6951333b9, type: 2}
  m_StaticBatchInfo:
    firstSubMesh: 0
    subMeshCount: 0
  m_StaticBatchRoot: {fileID: 0}
  m_ProbeAnchor: {fileID: 0}
  m_LightProbeVolumeOverride: {fileID: 0}
  m_ScaleInLightmap: 1
  m_ReceiveGI: 1
  m_PreserveUVs: 0
  m_IgnoreNormalsForChartDetection: 0
  m_ImportantGI: 0
  m_StitchLightmapSeams: 1
  m_SelectedEditorRenderState: 3
  m_MinimumChartSize: 4
  m_AutoUVMaxDistance: 0.5
  m_AutoUVMaxAngle: 89
  m_LightmapParameters: {fileID: 0}
  m_SortingLayerID: 0
  m_SortingLayer: 0
  m_SortingOrder: 0
--- !u!1 &5965117354788906402
GameObject:
  m_ObjectHideFlags: 0
  m_CorrespondingSourceObject: {fileID: 0}
  m_PrefabInstance: {fileID: 0}
  m_PrefabAsset: {fileID: 0}
  serializedVersion: 6
  m_Component:
  - component: {fileID: 7441097603616123527}
  - component: {fileID: 8109445667985064094}
  - component: {fileID: 6628881147729498623}
  m_Layer: 0
  m_Name: Stone363
  m_TagString: Untagged
  m_Icon: {fileID: 0}
  m_NavMeshLayer: 0
  m_StaticEditorFlags: 0
  m_IsActive: 1
--- !u!4 &7441097603616123527
Transform:
  m_ObjectHideFlags: 0
  m_CorrespondingSourceObject: {fileID: 0}
  m_PrefabInstance: {fileID: 0}
  m_PrefabAsset: {fileID: 0}
  m_GameObject: {fileID: 5965117354788906402}
  m_LocalRotation: {x: -0.7064338, y: -0.43045935, z: 0.030843563, w: 0.5609855}
  m_LocalPosition: {x: -1.1, y: -0.37404144, z: -1.0376697}
  m_LocalScale: {x: 1, y: 1, z: 1}
  m_Children: []
  m_Father: {fileID: 7060790429761114409}
  m_RootOrder: 0
  m_LocalEulerAnglesHint: {x: 0, y: 0, z: 0}
--- !u!33 &8109445667985064094
MeshFilter:
  m_ObjectHideFlags: 0
  m_CorrespondingSourceObject: {fileID: 0}
  m_PrefabInstance: {fileID: 0}
  m_PrefabAsset: {fileID: 0}
  m_GameObject: {fileID: 5965117354788906402}
  m_Mesh: {fileID: 1206350000058201578, guid: bc4abda6639e31f4c8784c67383e2c55, type: 3}
--- !u!23 &6628881147729498623
MeshRenderer:
  m_ObjectHideFlags: 0
  m_CorrespondingSourceObject: {fileID: 0}
  m_PrefabInstance: {fileID: 0}
  m_PrefabAsset: {fileID: 0}
  m_GameObject: {fileID: 5965117354788906402}
  m_Enabled: 1
  m_CastShadows: 1
  m_ReceiveShadows: 1
  m_DynamicOccludee: 1
  m_MotionVectors: 1
  m_LightProbeUsage: 1
  m_ReflectionProbeUsage: 1
  m_RayTracingMode: 2
  m_RenderingLayerMask: 1
  m_RendererPriority: 0
  m_Materials:
  - {fileID: 2100000, guid: 48b8a72f9b580314c9bf1ed823527cd4, type: 2}
  m_StaticBatchInfo:
    firstSubMesh: 0
    subMeshCount: 0
  m_StaticBatchRoot: {fileID: 0}
  m_ProbeAnchor: {fileID: 0}
  m_LightProbeVolumeOverride: {fileID: 0}
  m_ScaleInLightmap: 1
  m_ReceiveGI: 1
  m_PreserveUVs: 0
  m_IgnoreNormalsForChartDetection: 0
  m_ImportantGI: 0
  m_StitchLightmapSeams: 1
  m_SelectedEditorRenderState: 3
  m_MinimumChartSize: 4
  m_AutoUVMaxDistance: 0.5
  m_AutoUVMaxAngle: 89
  m_LightmapParameters: {fileID: 0}
  m_SortingLayerID: 0
  m_SortingLayer: 0
  m_SortingOrder: 0
--- !u!1 &6316209024374498106
GameObject:
  m_ObjectHideFlags: 0
  m_CorrespondingSourceObject: {fileID: 0}
  m_PrefabInstance: {fileID: 0}
  m_PrefabAsset: {fileID: 0}
  serializedVersion: 6
  m_Component:
  - component: {fileID: 7060790429761114409}
  m_Layer: 0
  m_Name: Magma_Door_001
  m_TagString: Untagged
  m_Icon: {fileID: 0}
  m_NavMeshLayer: 0
  m_StaticEditorFlags: 0
  m_IsActive: 1
--- !u!4 &7060790429761114409
Transform:
  m_ObjectHideFlags: 0
  m_CorrespondingSourceObject: {fileID: 0}
  m_PrefabInstance: {fileID: 0}
  m_PrefabAsset: {fileID: 0}
  m_GameObject: {fileID: 6316209024374498106}
  m_LocalRotation: {x: 0, y: 0, z: 0, w: 1}
  m_LocalPosition: {x: 0, y: 0, z: 0}
  m_LocalScale: {x: 1, y: 1, z: 1}
  m_Children:
  - {fileID: 7441097603616123527}
  - {fileID: 8929637256574208732}
  - {fileID: 7384311016681426310}
  - {fileID: 9012768347289241052}
  m_Father: {fileID: 0}
  m_RootOrder: 0
  m_LocalEulerAnglesHint: {x: 0, y: 0, z: 0}
--- !u!1001 &5970483949770312155
PrefabInstance:
  m_ObjectHideFlags: 0
  serializedVersion: 2
  m_Modification:
    m_TransformParent: {fileID: 7060790429761114409}
    m_Modifications:
    - target: {fileID: 1843093008499785236, guid: 0cef66abd7adf174a8ce996605ac9910,
        type: 3}
      propertyPath: m_Name
      value: Magma_BrickDoor
      objectReference: {fileID: 0}
    - target: {fileID: 3443180635495353351, guid: 0cef66abd7adf174a8ce996605ac9910,
        type: 3}
      propertyPath: m_LocalPosition.x
      value: 0
      objectReference: {fileID: 0}
    - target: {fileID: 3443180635495353351, guid: 0cef66abd7adf174a8ce996605ac9910,
        type: 3}
      propertyPath: m_LocalPosition.y
      value: 0
      objectReference: {fileID: 0}
    - target: {fileID: 3443180635495353351, guid: 0cef66abd7adf174a8ce996605ac9910,
        type: 3}
      propertyPath: m_LocalPosition.z
      value: 0
      objectReference: {fileID: 0}
    - target: {fileID: 3443180635495353351, guid: 0cef66abd7adf174a8ce996605ac9910,
        type: 3}
      propertyPath: m_LocalRotation.x
      value: 0
      objectReference: {fileID: 0}
    - target: {fileID: 3443180635495353351, guid: 0cef66abd7adf174a8ce996605ac9910,
        type: 3}
      propertyPath: m_LocalRotation.y
      value: 0
      objectReference: {fileID: 0}
    - target: {fileID: 3443180635495353351, guid: 0cef66abd7adf174a8ce996605ac9910,
        type: 3}
      propertyPath: m_LocalRotation.z
      value: 0
      objectReference: {fileID: 0}
    - target: {fileID: 3443180635495353351, guid: 0cef66abd7adf174a8ce996605ac9910,
        type: 3}
      propertyPath: m_LocalRotation.w
      value: 1
      objectReference: {fileID: 0}
    - target: {fileID: 3443180635495353351, guid: 0cef66abd7adf174a8ce996605ac9910,
        type: 3}
      propertyPath: m_RootOrder
      value: 3
      objectReference: {fileID: 0}
    - target: {fileID: 3443180635495353351, guid: 0cef66abd7adf174a8ce996605ac9910,
        type: 3}
      propertyPath: m_LocalEulerAnglesHint.x
      value: 0
      objectReference: {fileID: 0}
    - target: {fileID: 3443180635495353351, guid: 0cef66abd7adf174a8ce996605ac9910,
        type: 3}
      propertyPath: m_LocalEulerAnglesHint.y
      value: 0
      objectReference: {fileID: 0}
    - target: {fileID: 3443180635495353351, guid: 0cef66abd7adf174a8ce996605ac9910,
        type: 3}
      propertyPath: m_LocalEulerAnglesHint.z
      value: 0
      objectReference: {fileID: 0}
    m_RemovedComponents: []
  m_SourcePrefab: {fileID: 100100000, guid: 0cef66abd7adf174a8ce996605ac9910, type: 3}
--- !u!4 &9012768347289241052 stripped
Transform:
  m_CorrespondingSourceObject: {fileID: 3443180635495353351, guid: 0cef66abd7adf174a8ce996605ac9910,
    type: 3}
  m_PrefabInstance: {fileID: 5970483949770312155}
  m_PrefabAsset: {fileID: 0}
--- !u!1001 &8246052896028891675
PrefabInstance:
  m_ObjectHideFlags: 0
  serializedVersion: 2
  m_Modification:
    m_TransformParent: {fileID: 7060790429761114409}
    m_Modifications:
    - target: {fileID: 453415957644017900, guid: 33853f67ba87cb14b9e05eaa37da376f,
        type: 3}
      propertyPath: m_Name
      value: Magma_RoomEntrance
      objectReference: {fileID: 0}
    - target: {fileID: 1447215505230190493, guid: 33853f67ba87cb14b9e05eaa37da376f,
        type: 3}
      propertyPath: m_LocalPosition.x
      value: 0
      objectReference: {fileID: 0}
    - target: {fileID: 1447215505230190493, guid: 33853f67ba87cb14b9e05eaa37da376f,
        type: 3}
      propertyPath: m_LocalPosition.y
      value: 0
      objectReference: {fileID: 0}
    - target: {fileID: 1447215505230190493, guid: 33853f67ba87cb14b9e05eaa37da376f,
        type: 3}
      propertyPath: m_LocalPosition.z
      value: 0
      objectReference: {fileID: 0}
    - target: {fileID: 1447215505230190493, guid: 33853f67ba87cb14b9e05eaa37da376f,
        type: 3}
      propertyPath: m_LocalRotation.x
      value: -0
      objectReference: {fileID: 0}
    - target: {fileID: 1447215505230190493, guid: 33853f67ba87cb14b9e05eaa37da376f,
        type: 3}
      propertyPath: m_LocalRotation.y
      value: -0
      objectReference: {fileID: 0}
    - target: {fileID: 1447215505230190493, guid: 33853f67ba87cb14b9e05eaa37da376f,
        type: 3}
      propertyPath: m_LocalRotation.z
      value: -0
      objectReference: {fileID: 0}
    - target: {fileID: 1447215505230190493, guid: 33853f67ba87cb14b9e05eaa37da376f,
        type: 3}
      propertyPath: m_LocalRotation.w
      value: 1
      objectReference: {fileID: 0}
    - target: {fileID: 1447215505230190493, guid: 33853f67ba87cb14b9e05eaa37da376f,
        type: 3}
      propertyPath: m_RootOrder
      value: 2
      objectReference: {fileID: 0}
    - target: {fileID: 1447215505230190493, guid: 33853f67ba87cb14b9e05eaa37da376f,
        type: 3}
      propertyPath: m_LocalEulerAnglesHint.x
      value: 0
      objectReference: {fileID: 0}
    - target: {fileID: 1447215505230190493, guid: 33853f67ba87cb14b9e05eaa37da376f,
        type: 3}
      propertyPath: m_LocalEulerAnglesHint.y
      value: 0
      objectReference: {fileID: 0}
    - target: {fileID: 1447215505230190493, guid: 33853f67ba87cb14b9e05eaa37da376f,
        type: 3}
      propertyPath: m_LocalEulerAnglesHint.z
      value: 0
      objectReference: {fileID: 0}
    - target: {fileID: 3369628041603856304, guid: 33853f67ba87cb14b9e05eaa37da376f,
        type: 3}
      propertyPath: m_LocalEulerAnglesHint.x
      value: -90.00001
      objectReference: {fileID: 0}
    - target: {fileID: 3369628041603856304, guid: 33853f67ba87cb14b9e05eaa37da376f,
        type: 3}
      propertyPath: m_LocalEulerAnglesHint.z
      value: -179.99998
      objectReference: {fileID: 0}
    m_RemovedComponents: []
  m_SourcePrefab: {fileID: 100100000, guid: 33853f67ba87cb14b9e05eaa37da376f, type: 3}
--- !u!4 &7384311016681426310 stripped
Transform:
  m_CorrespondingSourceObject: {fileID: 1447215505230190493, guid: 33853f67ba87cb14b9e05eaa37da376f,
    type: 3}
  m_PrefabInstance: {fileID: 8246052896028891675}
  m_PrefabAsset: {fileID: 0}
