%YAML 1.1
%TAG !u! tag:unity3d.com,2011:
--- !u!1 &1481515663681791295
GameObject:
  m_ObjectHideFlags: 0
  m_CorrespondingSourceObject: {fileID: 0}
  m_PrefabInstance: {fileID: 0}
  m_PrefabAsset: {fileID: 0}
  serializedVersion: 6
  m_Component:
  - component: {fileID: 8698176375608183785}
  - component: {fileID: 7543907206929176103}
  - component: {fileID: 5610633662020911400}
  - component: {fileID: 8386368709908682303}
  m_Layer: 0
  m_Name: Wall004
  m_TagString: Untagged
  m_Icon: {fileID: 0}
  m_NavMeshLayer: 0
  m_StaticEditorFlags: 0
  m_IsActive: 1
--- !u!4 &8698176375608183785
Transform:
  m_ObjectHideFlags: 0
  m_CorrespondingSourceObject: {fileID: 0}
  m_PrefabInstance: {fileID: 0}
  m_PrefabAsset: {fileID: 0}
  m_GameObject: {fileID: 1481515663681791295}
  m_LocalRotation: {x: -0.7071068, y: -0, z: -0, w: 0.7071068}
  m_LocalPosition: {x: 5.41101, y: -2.4848843, z: -5.5924244}
  m_LocalScale: {x: 1, y: 1, z: 1}
  m_Children: []
  m_Father: {fileID: 2244051302745294485}
  m_RootOrder: 1
  m_LocalEulerAnglesHint: {x: 0, y: 0, z: 0}
--- !u!33 &7543907206929176103
MeshFilter:
  m_ObjectHideFlags: 0
  m_CorrespondingSourceObject: {fileID: 0}
  m_PrefabInstance: {fileID: 0}
  m_PrefabAsset: {fileID: 0}
  m_GameObject: {fileID: 1481515663681791295}
  m_Mesh: {fileID: 4528902607516821780, guid: bc4abda6639e31f4c8784c67383e2c55, type: 3}
--- !u!23 &5610633662020911400
MeshRenderer:
  m_ObjectHideFlags: 0
  m_CorrespondingSourceObject: {fileID: 0}
  m_PrefabInstance: {fileID: 0}
  m_PrefabAsset: {fileID: 0}
  m_GameObject: {fileID: 1481515663681791295}
  m_Enabled: 1
  m_CastShadows: 1
  m_ReceiveShadows: 1
  m_DynamicOccludee: 1
  m_MotionVectors: 1
  m_LightProbeUsage: 1
  m_ReflectionProbeUsage: 1
  m_RayTracingMode: 2
  m_RenderingLayerMask: 1
  m_RendererPriority: 0
  m_Materials:
  - {fileID: 2100000, guid: dc0a05cdfe56ef446a2f56477a7fdc9b, type: 2}
  m_StaticBatchInfo:
    firstSubMesh: 0
    subMeshCount: 0
  m_StaticBatchRoot: {fileID: 0}
  m_ProbeAnchor: {fileID: 0}
  m_LightProbeVolumeOverride: {fileID: 0}
  m_ScaleInLightmap: 1
  m_ReceiveGI: 1
  m_PreserveUVs: 0
  m_IgnoreNormalsForChartDetection: 0
  m_ImportantGI: 0
  m_StitchLightmapSeams: 1
  m_SelectedEditorRenderState: 3
  m_MinimumChartSize: 4
  m_AutoUVMaxDistance: 0.5
  m_AutoUVMaxAngle: 89
  m_LightmapParameters: {fileID: 0}
  m_SortingLayerID: 0
  m_SortingLayer: 0
  m_SortingOrder: 0
--- !u!64 &8386368709908682303
MeshCollider:
  m_ObjectHideFlags: 0
  m_CorrespondingSourceObject: {fileID: 0}
  m_PrefabInstance: {fileID: 0}
  m_PrefabAsset: {fileID: 0}
  m_GameObject: {fileID: 1481515663681791295}
  m_Material: {fileID: 0}
  m_IsTrigger: 0
  m_Enabled: 1
  serializedVersion: 4
  m_Convex: 0
  m_CookingOptions: 30
  m_Mesh: {fileID: 4528902607516821780, guid: bc4abda6639e31f4c8784c67383e2c55, type: 3}
--- !u!1 &1819878835201896665
GameObject:
  m_ObjectHideFlags: 0
  m_CorrespondingSourceObject: {fileID: 0}
  m_PrefabInstance: {fileID: 0}
  m_PrefabAsset: {fileID: 0}
  serializedVersion: 6
  m_Component:
  - component: {fileID: 2244051302745294485}
  m_Layer: 0
  m_Name: GameObject
  m_TagString: Untagged
  m_Icon: {fileID: 0}
  m_NavMeshLayer: 0
  m_StaticEditorFlags: 0
  m_IsActive: 1
--- !u!4 &2244051302745294485
Transform:
  m_ObjectHideFlags: 0
  m_CorrespondingSourceObject: {fileID: 0}
  m_PrefabInstance: {fileID: 0}
  m_PrefabAsset: {fileID: 0}
  m_GameObject: {fileID: 1819878835201896665}
  m_LocalRotation: {x: 0, y: 0.7071068, z: 0, w: 0.7071068}
  m_LocalPosition: {x: 5.6874, y: 2.4664, z: 0.41196}
  m_LocalScale: {x: 1, y: 1, z: 1}
  m_Children:
  - {fileID: 7214280939494288306}
  - {fileID: 8698176375608183785}
  m_Father: {fileID: 7108553703996690460}
  m_RootOrder: 3
  m_LocalEulerAnglesHint: {x: 0, y: 90, z: 0}
--- !u!1 &3814230811111415009
GameObject:
  m_ObjectHideFlags: 0
  m_CorrespondingSourceObject: {fileID: 0}
  m_PrefabInstance: {fileID: 0}
  m_PrefabAsset: {fileID: 0}
  serializedVersion: 6
  m_Component:
  - component: {fileID: 926879839723298219}
  m_Layer: 0
  m_Name: TP point
  m_TagString: Untagged
  m_Icon: {fileID: -5397416234189338067, guid: 0000000000000000d000000000000000, type: 0}
  m_NavMeshLayer: 0
  m_StaticEditorFlags: 0
  m_IsActive: 1
--- !u!4 &926879839723298219
Transform:
  m_ObjectHideFlags: 0
  m_CorrespondingSourceObject: {fileID: 0}
  m_PrefabInstance: {fileID: 0}
  m_PrefabAsset: {fileID: 0}
  m_GameObject: {fileID: 3814230811111415009}
  m_LocalRotation: {x: -0, y: -0, z: -0, w: 1}
  m_LocalPosition: {x: -0.65, y: 0.13, z: 0.019}
  m_LocalScale: {x: 1, y: 1, z: 1}
  m_Children: []
  m_Father: {fileID: 7108553703996690460}
  m_RootOrder: 2
  m_LocalEulerAnglesHint: {x: 0, y: 0, z: 0}
--- !u!1 &5571831324584301482
GameObject:
  m_ObjectHideFlags: 0
  m_CorrespondingSourceObject: {fileID: 0}
  m_PrefabInstance: {fileID: 0}
  m_PrefabAsset: {fileID: 0}
  serializedVersion: 6
  m_Component:
  - component: {fileID: 2124334545974436109}
  - component: {fileID: 5667081910673867621}
  - component: {fileID: 859190349927118500}
  - component: {fileID: 304541444926779507}
  m_Layer: 0
  m_Name: ForestDoor
  m_TagString: Untagged
  m_Icon: {fileID: 0}
  m_NavMeshLayer: 0
  m_StaticEditorFlags: 0
  m_IsActive: 1
--- !u!4 &2124334545974436109
Transform:
  m_ObjectHideFlags: 0
  m_CorrespondingSourceObject: {fileID: 0}
  m_PrefabInstance: {fileID: 0}
  m_PrefabAsset: {fileID: 0}
  m_GameObject: {fileID: 5571831324584301482}
  m_LocalRotation: {x: 0, y: 0.7071068, z: 0, w: 0.7071068}
  m_LocalPosition: {x: -0, y: 1.8006489, z: 0.00000014073537}
  m_LocalScale: {x: 1, y: 1, z: 1}
  m_Children: []
  m_Father: {fileID: 7108553703996690460}
  m_RootOrder: 0
  m_LocalEulerAnglesHint: {x: 0, y: 90, z: 0}
--- !u!33 &5667081910673867621
MeshFilter:
  m_ObjectHideFlags: 0
  m_CorrespondingSourceObject: {fileID: 0}
  m_PrefabInstance: {fileID: 0}
  m_PrefabAsset: {fileID: 0}
  m_GameObject: {fileID: 5571831324584301482}
  m_Mesh: {fileID: 2283672648153878401, guid: bc4abda6639e31f4c8784c67383e2c55, type: 3}
--- !u!23 &859190349927118500
MeshRenderer:
  m_ObjectHideFlags: 0
  m_CorrespondingSourceObject: {fileID: 0}
  m_PrefabInstance: {fileID: 0}
  m_PrefabAsset: {fileID: 0}
  m_GameObject: {fileID: 5571831324584301482}
  m_Enabled: 1
  m_CastShadows: 1
  m_ReceiveShadows: 1
  m_DynamicOccludee: 1
  m_MotionVectors: 1
  m_LightProbeUsage: 1
  m_ReflectionProbeUsage: 1
  m_RayTracingMode: 2
  m_RenderingLayerMask: 1
  m_RendererPriority: 0
  m_Materials:
  - {fileID: 2100000, guid: 65f74ac833e5e1a449b7b952fd2d707b, type: 2}
  m_StaticBatchInfo:
    firstSubMesh: 0
    subMeshCount: 0
  m_StaticBatchRoot: {fileID: 0}
  m_ProbeAnchor: {fileID: 0}
  m_LightProbeVolumeOverride: {fileID: 0}
  m_ScaleInLightmap: 1
  m_ReceiveGI: 1
  m_PreserveUVs: 0
  m_IgnoreNormalsForChartDetection: 0
  m_ImportantGI: 0
  m_StitchLightmapSeams: 1
  m_SelectedEditorRenderState: 3
  m_MinimumChartSize: 4
  m_AutoUVMaxDistance: 0.5
  m_AutoUVMaxAngle: 89
  m_LightmapParameters: {fileID: 0}
  m_SortingLayerID: 0
  m_SortingLayer: 0
  m_SortingOrder: 0
--- !u!64 &304541444926779507
MeshCollider:
  m_ObjectHideFlags: 0
  m_CorrespondingSourceObject: {fileID: 0}
  m_PrefabInstance: {fileID: 0}
  m_PrefabAsset: {fileID: 0}
  m_GameObject: {fileID: 5571831324584301482}
  m_Material: {fileID: 0}
  m_IsTrigger: 0
  m_Enabled: 1
  serializedVersion: 4
  m_Convex: 0
  m_CookingOptions: 30
  m_Mesh: {fileID: 2283672648153878401, guid: bc4abda6639e31f4c8784c67383e2c55, type: 3}
--- !u!1 &5877771677853869207
GameObject:
  m_ObjectHideFlags: 0
  m_CorrespondingSourceObject: {fileID: 0}
  m_PrefabInstance: {fileID: 0}
  m_PrefabAsset: {fileID: 0}
  serializedVersion: 6
  m_Component:
  - component: {fileID: 7214280939494288306}
  - component: {fileID: 8345409032700658091}
  - component: {fileID: 6387464206338379978}
  - component: {fileID: 7024132047581394846}
  m_Layer: 0
  m_Name: Stone363
  m_TagString: Untagged
  m_Icon: {fileID: 0}
  m_NavMeshLayer: 0
  m_StaticEditorFlags: 0
  m_IsActive: 1
--- !u!4 &7214280939494288306
Transform:
  m_ObjectHideFlags: 0
  m_CorrespondingSourceObject: {fileID: 0}
  m_PrefabInstance: {fileID: 0}
  m_PrefabAsset: {fileID: 0}
  m_GameObject: {fileID: 5877771677853869207}
  m_LocalRotation: {x: -0.7064338, y: -0.43045935, z: 0.030843563, w: 0.5609855}
  m_LocalPosition: {x: -0.6889905, y: -2.8589258, z: -6.630094}
  m_LocalScale: {x: 1, y: 1, z: 1}
  m_Children: []
  m_Father: {fileID: 2244051302745294485}
  m_RootOrder: 0
  m_LocalEulerAnglesHint: {x: 0, y: 0, z: 0}
--- !u!33 &8345409032700658091
MeshFilter:
  m_ObjectHideFlags: 0
  m_CorrespondingSourceObject: {fileID: 0}
  m_PrefabInstance: {fileID: 0}
  m_PrefabAsset: {fileID: 0}
  m_GameObject: {fileID: 5877771677853869207}
  m_Mesh: {fileID: 1206350000058201578, guid: bc4abda6639e31f4c8784c67383e2c55, type: 3}
--- !u!23 &6387464206338379978
MeshRenderer:
  m_ObjectHideFlags: 0
  m_CorrespondingSourceObject: {fileID: 0}
  m_PrefabInstance: {fileID: 0}
  m_PrefabAsset: {fileID: 0}
  m_GameObject: {fileID: 5877771677853869207}
  m_Enabled: 1
  m_CastShadows: 1
  m_ReceiveShadows: 1
  m_DynamicOccludee: 1
  m_MotionVectors: 1
  m_LightProbeUsage: 1
  m_ReflectionProbeUsage: 1
  m_RayTracingMode: 2
  m_RenderingLayerMask: 1
  m_RendererPriority: 0
  m_Materials:
  - {fileID: 2100000, guid: 9ea41abd9270629448fee5e0a3cf58a2, type: 2}
  m_StaticBatchInfo:
    firstSubMesh: 0
    subMeshCount: 0
  m_StaticBatchRoot: {fileID: 0}
  m_ProbeAnchor: {fileID: 0}
  m_LightProbeVolumeOverride: {fileID: 0}
  m_ScaleInLightmap: 1
  m_ReceiveGI: 1
  m_PreserveUVs: 0
  m_IgnoreNormalsForChartDetection: 0
  m_ImportantGI: 0
  m_StitchLightmapSeams: 1
  m_SelectedEditorRenderState: 3
  m_MinimumChartSize: 4
  m_AutoUVMaxDistance: 0.5
  m_AutoUVMaxAngle: 89
  m_LightmapParameters: {fileID: 0}
  m_SortingLayerID: 0
  m_SortingLayer: 0
  m_SortingOrder: 0
--- !u!64 &7024132047581394846
MeshCollider:
  m_ObjectHideFlags: 0
  m_CorrespondingSourceObject: {fileID: 0}
  m_PrefabInstance: {fileID: 0}
  m_PrefabAsset: {fileID: 0}
  m_GameObject: {fileID: 5877771677853869207}
  m_Material: {fileID: 0}
  m_IsTrigger: 0
  m_Enabled: 1
  serializedVersion: 4
  m_Convex: 0
  m_CookingOptions: 30
  m_Mesh: {fileID: 1206350000058201578, guid: bc4abda6639e31f4c8784c67383e2c55, type: 3}
--- !u!1 &6124330579230220815
GameObject:
  m_ObjectHideFlags: 0
  m_CorrespondingSourceObject: {fileID: 0}
  m_PrefabInstance: {fileID: 0}
  m_PrefabAsset: {fileID: 0}
  serializedVersion: 6
  m_Component:
  - component: {fileID: 7108553703996690460}
  - component: {fileID: 3107067507612100267}
  - component: {fileID: 1735098637016625941}
  m_Layer: 0
  m_Name: Forest_Door_001
  m_TagString: Door
  m_Icon: {fileID: 0}
  m_NavMeshLayer: 0
  m_StaticEditorFlags: 0
  m_IsActive: 1
--- !u!4 &7108553703996690460
Transform:
  m_ObjectHideFlags: 0
  m_CorrespondingSourceObject: {fileID: 0}
  m_PrefabInstance: {fileID: 0}
  m_PrefabAsset: {fileID: 0}
  m_GameObject: {fileID: 6124330579230220815}
  m_LocalRotation: {x: 0, y: 0, z: 0, w: 1}
  m_LocalPosition: {x: 0, y: 0, z: -0}
  m_LocalScale: {x: 1, y: 1, z: 1}
  m_Children:
  - {fileID: 2124334545974436109}
  - {fileID: 3955514184413275528}
  - {fileID: 926879839723298219}
  - {fileID: 2244051302745294485}
  m_Father: {fileID: 0}
  m_RootOrder: 0
  m_LocalEulerAnglesHint: {x: 0, y: 0, z: 0}
--- !u!114 &3107067507612100267
MonoBehaviour:
  m_ObjectHideFlags: 0
  m_CorrespondingSourceObject: {fileID: 0}
  m_PrefabInstance: {fileID: 0}
  m_PrefabAsset: {fileID: 0}
  m_GameObject: {fileID: 6124330579230220815}
  m_Enabled: 1
  m_EditorHideFlags: 0
  m_Script: {fileID: 11500000, guid: a5d4804571b80e1408b5444a9b2365c8, type: 3}
  m_Name: 
  m_EditorClassIdentifier: 
  TpPoint: {fileID: 3814230811111415009}
  DoorPosition: {fileID: 7108553703996690460}
  DoorReference: {fileID: 8750226666005144401}
  ParentRoom: {fileID: 0}
  marker: {fileID: 1735098637016625941}
--- !u!114 &1735098637016625941
MonoBehaviour:
  m_ObjectHideFlags: 0
  m_CorrespondingSourceObject: {fileID: 0}
  m_PrefabInstance: {fileID: 0}
  m_PrefabAsset: {fileID: 0}
  m_GameObject: {fileID: 6124330579230220815}
  m_Enabled: 1
  m_EditorHideFlags: 0
  m_Script: {fileID: 11500000, guid: aee2c0cf12d10a24c98cf3a9be9d73c8, type: 3}
  m_Name: 
  m_EditorClassIdentifier: 
  x: 2
  y: 0
--- !u!1001 &4904694778028063002
PrefabInstance:
  m_ObjectHideFlags: 0
  serializedVersion: 2
  m_Modification:
    m_TransformParent: {fileID: 7108553703996690460}
    m_Modifications:
    - target: {fileID: 4122182633639442962, guid: 30a4ad0127569714d862b7a5c0e47b22,
        type: 3}
      propertyPath: m_IsTrigger
      value: 1
      objectReference: {fileID: 0}
    - target: {fileID: 4431530079825189451, guid: 30a4ad0127569714d862b7a5c0e47b22,
        type: 3}
      propertyPath: collider
      value: 
      objectReference: {fileID: 9017357272251073288}
    - target: {fileID: 4949296576301198977, guid: 30a4ad0127569714d862b7a5c0e47b22,
        type: 3}
      propertyPath: m_Name
      value: Forest_Roots
      objectReference: {fileID: 0}
    - target: {fileID: 8283305931315059858, guid: 30a4ad0127569714d862b7a5c0e47b22,
        type: 3}
      propertyPath: m_LocalPosition.x
      value: -0.01
      objectReference: {fileID: 0}
    - target: {fileID: 8283305931315059858, guid: 30a4ad0127569714d862b7a5c0e47b22,
        type: 3}
      propertyPath: m_LocalPosition.y
      value: 0
      objectReference: {fileID: 0}
    - target: {fileID: 8283305931315059858, guid: 30a4ad0127569714d862b7a5c0e47b22,
        type: 3}
      propertyPath: m_LocalPosition.z
      value: 0.11
      objectReference: {fileID: 0}
    - target: {fileID: 8283305931315059858, guid: 30a4ad0127569714d862b7a5c0e47b22,
        type: 3}
      propertyPath: m_LocalRotation.x
      value: 0
      objectReference: {fileID: 0}
    - target: {fileID: 8283305931315059858, guid: 30a4ad0127569714d862b7a5c0e47b22,
        type: 3}
      propertyPath: m_LocalRotation.y
      value: 0.7071068
      objectReference: {fileID: 0}
    - target: {fileID: 8283305931315059858, guid: 30a4ad0127569714d862b7a5c0e47b22,
        type: 3}
      propertyPath: m_LocalRotation.z
      value: 0
      objectReference: {fileID: 0}
    - target: {fileID: 8283305931315059858, guid: 30a4ad0127569714d862b7a5c0e47b22,
        type: 3}
      propertyPath: m_LocalRotation.w
      value: 0.7071068
      objectReference: {fileID: 0}
    - target: {fileID: 8283305931315059858, guid: 30a4ad0127569714d862b7a5c0e47b22,
        type: 3}
      propertyPath: m_RootOrder
      value: 1
      objectReference: {fileID: 0}
    - target: {fileID: 8283305931315059858, guid: 30a4ad0127569714d862b7a5c0e47b22,
        type: 3}
      propertyPath: m_LocalEulerAnglesHint.x
      value: 0
      objectReference: {fileID: 0}
    - target: {fileID: 8283305931315059858, guid: 30a4ad0127569714d862b7a5c0e47b22,
        type: 3}
      propertyPath: m_LocalEulerAnglesHint.y
      value: 90
      objectReference: {fileID: 0}
    - target: {fileID: 8283305931315059858, guid: 30a4ad0127569714d862b7a5c0e47b22,
        type: 3}
      propertyPath: m_LocalEulerAnglesHint.z
      value: 0
      objectReference: {fileID: 0}
    m_RemovedComponents: []
  m_SourcePrefab: {fileID: 100100000, guid: 30a4ad0127569714d862b7a5c0e47b22, type: 3}
--- !u!4 &3955514184413275528 stripped
Transform:
  m_CorrespondingSourceObject: {fileID: 8283305931315059858, guid: 30a4ad0127569714d862b7a5c0e47b22,
    type: 3}
  m_PrefabInstance: {fileID: 4904694778028063002}
  m_PrefabAsset: {fileID: 0}
--- !u!114 &8750226666005144401 stripped
MonoBehaviour:
  m_CorrespondingSourceObject: {fileID: 4431530079825189451, guid: 30a4ad0127569714d862b7a5c0e47b22,
    type: 3}
  m_PrefabInstance: {fileID: 4904694778028063002}
  m_PrefabAsset: {fileID: 0}
  m_GameObject: {fileID: 0}
  m_Enabled: 1
  m_EditorHideFlags: 0
  m_Script: {fileID: 11500000, guid: a725bf3dcc31a3645955745fe7e098b9, type: 3}
  m_Name: 
  m_EditorClassIdentifier: 
--- !u!65 &9017357272251073288 stripped
BoxCollider:
  m_CorrespondingSourceObject: {fileID: 4122182633639442962, guid: 30a4ad0127569714d862b7a5c0e47b22,
    type: 3}
  m_PrefabInstance: {fileID: 4904694778028063002}
  m_PrefabAsset: {fileID: 0}
