%YAML 1.1
%TAG !u! tag:unity3d.com,2011:
--- !u!64 &8728756231206788892
MeshCollider:
  m_ObjectHideFlags: 0
  m_CorrespondingSourceObject: {fileID: 0}
  m_PrefabInstance: {fileID: 0}
  m_PrefabAsset: {fileID: 0}
  m_GameObject: {fileID: 305901990739145744}
  m_Material: {fileID: 0}
  m_IsTrigger: 0
  m_Enabled: 1
  serializedVersion: 4
  m_Convex: 0
  m_CookingOptions: 30
  m_Mesh: {fileID: -342443094737477053, guid: a7201490b840eef48aab1f24a92dcb44, type: 3}
--- !u!64 &807740698165805786
MeshCollider:
  m_ObjectHideFlags: 0
  m_CorrespondingSourceObject: {fileID: 0}
  m_PrefabInstance: {fileID: 0}
  m_PrefabAsset: {fileID: 0}
  m_GameObject: {fileID: 334393730630614483}
  m_Material: {fileID: 0}
  m_IsTrigger: 0
  m_Enabled: 1
  serializedVersion: 4
  m_Convex: 0
  m_CookingOptions: 30
  m_Mesh: {fileID: -4900143758610883668, guid: 4eb3aa33634e7cc4ea3098eedc0e0c07, type: 3}
--- !u!64 &6976216981476127999
MeshCollider:
  m_ObjectHideFlags: 0
  m_CorrespondingSourceObject: {fileID: 0}
  m_PrefabInstance: {fileID: 0}
  m_PrefabAsset: {fileID: 0}
  m_GameObject: {fileID: 1489214308208140816}
  m_Material: {fileID: 0}
  m_IsTrigger: 0
  m_Enabled: 1
  serializedVersion: 4
  m_Convex: 0
  m_CookingOptions: 30
  m_Mesh: {fileID: -8348706204598704266, guid: a7201490b840eef48aab1f24a92dcb44, type: 3}
--- !u!64 &59407589998319578
MeshCollider:
  m_ObjectHideFlags: 0
  m_CorrespondingSourceObject: {fileID: 0}
  m_PrefabInstance: {fileID: 0}
  m_PrefabAsset: {fileID: 0}
  m_GameObject: {fileID: 2485814548173014292}
  m_Material: {fileID: 0}
  m_IsTrigger: 0
  m_Enabled: 1
  serializedVersion: 4
  m_Convex: 0
  m_CookingOptions: 30
  m_Mesh: {fileID: 3850357252257902658, guid: a7201490b840eef48aab1f24a92dcb44, type: 3}
--- !u!64 &7264998891806649953
MeshCollider:
  m_ObjectHideFlags: 0
  m_CorrespondingSourceObject: {fileID: 0}
  m_PrefabInstance: {fileID: 0}
  m_PrefabAsset: {fileID: 0}
  m_GameObject: {fileID: 3194036487045592449}
  m_Material: {fileID: 0}
  m_IsTrigger: 0
  m_Enabled: 1
  serializedVersion: 4
  m_Convex: 0
  m_CookingOptions: 30
  m_Mesh: {fileID: -716959635791326737, guid: a7201490b840eef48aab1f24a92dcb44, type: 3}
--- !u!1 &3853919142529680012
GameObject:
  m_ObjectHideFlags: 0
  m_CorrespondingSourceObject: {fileID: 0}
  m_PrefabInstance: {fileID: 0}
  m_PrefabAsset: {fileID: 0}
  serializedVersion: 6
  m_Component:
  - component: {fileID: 1511430000013837897}
  - component: {fileID: 6098705966447704425}
  m_Layer: 12
  m_Name: ForestWall_001
  m_TagString: Untagged
  m_Icon: {fileID: 0}
  m_NavMeshLayer: 0
  m_StaticEditorFlags: 4294967295
  m_IsActive: 1
--- !u!4 &1511430000013837897
Transform:
  m_ObjectHideFlags: 0
  m_CorrespondingSourceObject: {fileID: 0}
  m_PrefabInstance: {fileID: 0}
  m_PrefabAsset: {fileID: 0}
  m_GameObject: {fileID: 3853919142529680012}
  m_LocalRotation: {x: 0, y: 0, z: 0, w: 1}
  m_LocalPosition: {x: 0, y: 0, z: 0}
  m_LocalScale: {x: 1, y: 1, z: 1}
  m_Children:
  - {fileID: 5860139979664367789}
  - {fileID: 5505768978275634071}
  - {fileID: 8292823949387099088}
  - {fileID: 9200529808874396694}
  - {fileID: 3844216683985969260}
  - {fileID: 6982536666842797547}
  - {fileID: 3531995019001015489}
  - {fileID: 8868934865223641304}
  m_Father: {fileID: 0}
  m_RootOrder: 0
  m_LocalEulerAnglesHint: {x: 0, y: 0, z: 0}
--- !u!65 &6098705966447704425
BoxCollider:
  m_ObjectHideFlags: 0
  m_CorrespondingSourceObject: {fileID: 0}
  m_PrefabInstance: {fileID: 0}
  m_PrefabAsset: {fileID: 0}
  m_GameObject: {fileID: 3853919142529680012}
  m_Material: {fileID: 0}
  m_IsTrigger: 0
  m_Enabled: 1
  serializedVersion: 2
  m_Size: {x: 0.5, y: 3, z: 10}
  m_Center: {x: 0, y: 1.5, z: 0}
--- !u!64 &6279535914887570828
MeshCollider:
  m_ObjectHideFlags: 0
  m_CorrespondingSourceObject: {fileID: 0}
  m_PrefabInstance: {fileID: 0}
  m_PrefabAsset: {fileID: 0}
  m_GameObject: {fileID: 3948148151633440370}
  m_Material: {fileID: 0}
  m_IsTrigger: 0
  m_Enabled: 1
  serializedVersion: 4
  m_Convex: 0
  m_CookingOptions: 30
  m_Mesh: {fileID: 5314770028078847207, guid: 4eb3aa33634e7cc4ea3098eedc0e0c07, type: 3}
--- !u!64 &4625729952788171050
MeshCollider:
  m_ObjectHideFlags: 0
  m_CorrespondingSourceObject: {fileID: 0}
  m_PrefabInstance: {fileID: 0}
  m_PrefabAsset: {fileID: 0}
  m_GameObject: {fileID: 4242159335158946053}
  m_Material: {fileID: 0}
  m_IsTrigger: 0
  m_Enabled: 1
  serializedVersion: 4
  m_Convex: 0
  m_CookingOptions: 30
  m_Mesh: {fileID: -9208943860546195638, guid: a7201490b840eef48aab1f24a92dcb44, type: 3}
--- !u!64 &7240187103974622956
MeshCollider:
  m_ObjectHideFlags: 0
  m_CorrespondingSourceObject: {fileID: 0}
  m_PrefabInstance: {fileID: 0}
  m_PrefabAsset: {fileID: 0}
  m_GameObject: {fileID: 4576648827424135880}
  m_Material: {fileID: 0}
  m_IsTrigger: 0
  m_Enabled: 1
  serializedVersion: 4
  m_Convex: 0
  m_CookingOptions: 30
  m_Mesh: {fileID: -3247310376835372199, guid: a7201490b840eef48aab1f24a92dcb44, type: 3}
--- !u!64 &7295220976254832637
MeshCollider:
  m_ObjectHideFlags: 0
  m_CorrespondingSourceObject: {fileID: 0}
  m_PrefabInstance: {fileID: 0}
  m_PrefabAsset: {fileID: 0}
  m_GameObject: {fileID: 4908399922232927907}
  m_Material: {fileID: 0}
  m_IsTrigger: 0
  m_Enabled: 1
  serializedVersion: 4
  m_Convex: 0
  m_CookingOptions: 30
  m_Mesh: {fileID: 5514148873423790294, guid: 4eb3aa33634e7cc4ea3098eedc0e0c07, type: 3}
--- !u!64 &6094953360471598950
MeshCollider:
  m_ObjectHideFlags: 0
  m_CorrespondingSourceObject: {fileID: 0}
  m_PrefabInstance: {fileID: 0}
  m_PrefabAsset: {fileID: 0}
  m_GameObject: {fileID: 5989815438460480833}
  m_Material: {fileID: 0}
  m_IsTrigger: 0
  m_Enabled: 1
  serializedVersion: 4
  m_Convex: 0
  m_CookingOptions: 30
  m_Mesh: {fileID: -6591864548496911628, guid: 4eb3aa33634e7cc4ea3098eedc0e0c07, type: 3}
--- !u!64 &2800259417677075915
MeshCollider:
  m_ObjectHideFlags: 0
  m_CorrespondingSourceObject: {fileID: 0}
  m_PrefabInstance: {fileID: 0}
  m_PrefabAsset: {fileID: 0}
  m_GameObject: {fileID: 6448305535698993502}
  m_Material: {fileID: 0}
  m_IsTrigger: 0
  m_Enabled: 1
  serializedVersion: 4
  m_Convex: 0
  m_CookingOptions: 30
  m_Mesh: {fileID: 4409703975892975549, guid: a7201490b840eef48aab1f24a92dcb44, type: 3}
--- !u!64 &4252561041123395819
MeshCollider:
  m_ObjectHideFlags: 0
  m_CorrespondingSourceObject: {fileID: 0}
  m_PrefabInstance: {fileID: 0}
  m_PrefabAsset: {fileID: 0}
  m_GameObject: {fileID: 6602222835950622911}
  m_Material: {fileID: 0}
  m_IsTrigger: 0
  m_Enabled: 1
  serializedVersion: 4
  m_Convex: 0
  m_CookingOptions: 30
  m_Mesh: {fileID: 3040440488547423003, guid: a7201490b840eef48aab1f24a92dcb44, type: 3}
--- !u!64 &5791395876026447399
MeshCollider:
  m_ObjectHideFlags: 0
  m_CorrespondingSourceObject: {fileID: 0}
  m_PrefabInstance: {fileID: 0}
  m_PrefabAsset: {fileID: 0}
  m_GameObject: {fileID: 6856249840768138845}
  m_Material: {fileID: 0}
  m_IsTrigger: 0
  m_Enabled: 1
  serializedVersion: 4
  m_Convex: 0
  m_CookingOptions: 30
  m_Mesh: {fileID: 7759155824292750070, guid: 4eb3aa33634e7cc4ea3098eedc0e0c07, type: 3}
--- !u!64 &6570360428225199424
MeshCollider:
  m_ObjectHideFlags: 0
  m_CorrespondingSourceObject: {fileID: 0}
  m_PrefabInstance: {fileID: 0}
  m_PrefabAsset: {fileID: 0}
  m_GameObject: {fileID: 6959901750253397027}
  m_Material: {fileID: 0}
  m_IsTrigger: 0
  m_Enabled: 1
  serializedVersion: 4
  m_Convex: 0
  m_CookingOptions: 30
  m_Mesh: {fileID: -6440655774724669665, guid: 4eb3aa33634e7cc4ea3098eedc0e0c07, type: 3}
--- !u!64 &6477560042421424684
MeshCollider:
  m_ObjectHideFlags: 0
  m_CorrespondingSourceObject: {fileID: 0}
  m_PrefabInstance: {fileID: 0}
  m_PrefabAsset: {fileID: 0}
  m_GameObject: {fileID: 7045542305880829476}
  m_Material: {fileID: 0}
  m_IsTrigger: 0
  m_Enabled: 1
  serializedVersion: 4
  m_Convex: 0
  m_CookingOptions: 30
  m_Mesh: {fileID: 2495955184095849975, guid: 4eb3aa33634e7cc4ea3098eedc0e0c07, type: 3}
--- !u!64 &6789297188837167123
MeshCollider:
  m_ObjectHideFlags: 0
  m_CorrespondingSourceObject: {fileID: 0}
  m_PrefabInstance: {fileID: 0}
  m_PrefabAsset: {fileID: 0}
  m_GameObject: {fileID: 7557027992805544378}
  m_Material: {fileID: 0}
  m_IsTrigger: 0
  m_Enabled: 1
  serializedVersion: 4
  m_Convex: 0
  m_CookingOptions: 30
  m_Mesh: {fileID: -2432347805918045494, guid: a7201490b840eef48aab1f24a92dcb44, type: 3}
--- !u!64 &3317647451258728885
MeshCollider:
  m_ObjectHideFlags: 0
  m_CorrespondingSourceObject: {fileID: 0}
  m_PrefabInstance: {fileID: 0}
  m_PrefabAsset: {fileID: 0}
  m_GameObject: {fileID: 8066652052927940911}
  m_Material: {fileID: 0}
  m_IsTrigger: 0
  m_Enabled: 1
  serializedVersion: 4
  m_Convex: 0
  m_CookingOptions: 30
  m_Mesh: {fileID: -8932114457979910881, guid: a7201490b840eef48aab1f24a92dcb44, type: 3}
--- !u!64 &7450331562768350322
MeshCollider:
  m_ObjectHideFlags: 0
  m_CorrespondingSourceObject: {fileID: 0}
  m_PrefabInstance: {fileID: 0}
  m_PrefabAsset: {fileID: 0}
  m_GameObject: {fileID: 8270610029068500896}
  m_Material: {fileID: 0}
  m_IsTrigger: 0
  m_Enabled: 1
  serializedVersion: 4
  m_Convex: 0
  m_CookingOptions: 30
  m_Mesh: {fileID: -2047386036608362615, guid: 4eb3aa33634e7cc4ea3098eedc0e0c07, type: 3}
--- !u!64 &2964065581189403403
MeshCollider:
  m_ObjectHideFlags: 0
  m_CorrespondingSourceObject: {fileID: 0}
  m_PrefabInstance: {fileID: 0}
  m_PrefabAsset: {fileID: 0}
  m_GameObject: {fileID: 8578516423664262499}
  m_Material: {fileID: 0}
  m_IsTrigger: 0
  m_Enabled: 1
  serializedVersion: 4
  m_Convex: 0
  m_CookingOptions: 30
  m_Mesh: {fileID: 5517552270001380932, guid: 4eb3aa33634e7cc4ea3098eedc0e0c07, type: 3}
--- !u!64 &5040332867695957623
MeshCollider:
  m_ObjectHideFlags: 0
  m_CorrespondingSourceObject: {fileID: 0}
  m_PrefabInstance: {fileID: 0}
  m_PrefabAsset: {fileID: 0}
  m_GameObject: {fileID: 8821690933837038430}
  m_Material: {fileID: 0}
  m_IsTrigger: 0
  m_Enabled: 1
  serializedVersion: 4
  m_Convex: 0
  m_CookingOptions: 30
  m_Mesh: {fileID: -3643465961525272682, guid: 4eb3aa33634e7cc4ea3098eedc0e0c07, type: 3}
--- !u!1001 &653830608935821453
PrefabInstance:
  m_ObjectHideFlags: 0
  serializedVersion: 2
  m_Modification:
    m_TransformParent: {fileID: 1511430000013837897}
    m_Modifications:
    - target: {fileID: -8274212830753663843, guid: a7201490b840eef48aab1f24a92dcb44,
        type: 3}
      propertyPath: m_StaticEditorFlags
      value: 4294967295
      objectReference: {fileID: 0}
    - target: {fileID: -8274212830753663843, guid: a7201490b840eef48aab1f24a92dcb44,
        type: 3}
      propertyPath: m_Layer
      value: 12
      objectReference: {fileID: 0}
    - target: {fileID: -8037590491334192999, guid: a7201490b840eef48aab1f24a92dcb44,
        type: 3}
      propertyPath: m_Materials.Array.data[0]
      value: 
      objectReference: {fileID: 2100000, guid: 0c2291d7ad011e6419402f4b41645c4d, type: 2}
    - target: {fileID: -7582214939997971836, guid: a7201490b840eef48aab1f24a92dcb44,
        type: 3}
      propertyPath: m_Materials.Array.data[0]
      value: 
      objectReference: {fileID: 2100000, guid: 6c25719a3f353594d8984b59bf19f3d0, type: 2}
    - target: {fileID: -7283427851182512475, guid: a7201490b840eef48aab1f24a92dcb44,
        type: 3}
      propertyPath: m_Materials.Array.data[0]
      value: 
      objectReference: {fileID: 2100000, guid: 6c25719a3f353594d8984b59bf19f3d0, type: 2}
    - target: {fileID: -7081875244972424547, guid: a7201490b840eef48aab1f24a92dcb44,
        type: 3}
      propertyPath: m_StaticEditorFlags
      value: 4294967295
      objectReference: {fileID: 0}
    - target: {fileID: -7081875244972424547, guid: a7201490b840eef48aab1f24a92dcb44,
        type: 3}
      propertyPath: m_Layer
      value: 12
      objectReference: {fileID: 0}
    - target: {fileID: -6774922898707739218, guid: a7201490b840eef48aab1f24a92dcb44,
        type: 3}
      propertyPath: m_Materials.Array.data[0]
      value: 
      objectReference: {fileID: 2100000, guid: 6c25719a3f353594d8984b59bf19f3d0, type: 2}
    - target: {fileID: -6062107767155043220, guid: a7201490b840eef48aab1f24a92dcb44,
        type: 3}
      propertyPath: m_Materials.Array.data[0]
      value: 
      objectReference: {fileID: 2100000, guid: 6c25719a3f353594d8984b59bf19f3d0, type: 2}
    - target: {fileID: -5904497812766822500, guid: a7201490b840eef48aab1f24a92dcb44,
        type: 3}
      propertyPath: m_Materials.Array.data[0]
      value: 
      objectReference: {fileID: 2100000, guid: 6c25719a3f353594d8984b59bf19f3d0, type: 2}
    - target: {fileID: -5291348419234268603, guid: a7201490b840eef48aab1f24a92dcb44,
        type: 3}
      propertyPath: m_StaticEditorFlags
      value: 4294967295
      objectReference: {fileID: 0}
    - target: {fileID: -5291348419234268603, guid: a7201490b840eef48aab1f24a92dcb44,
        type: 3}
      propertyPath: m_Layer
      value: 12
      objectReference: {fileID: 0}
    - target: {fileID: -4216859302048453862, guid: a7201490b840eef48aab1f24a92dcb44,
        type: 3}
      propertyPath: m_LocalPosition.x
      value: 0
      objectReference: {fileID: 0}
    - target: {fileID: -4216859302048453862, guid: a7201490b840eef48aab1f24a92dcb44,
        type: 3}
      propertyPath: m_LocalPosition.y
      value: 0
      objectReference: {fileID: 0}
    - target: {fileID: -4216859302048453862, guid: a7201490b840eef48aab1f24a92dcb44,
        type: 3}
      propertyPath: m_LocalPosition.z
      value: -2.5
      objectReference: {fileID: 0}
    - target: {fileID: -4216859302048453862, guid: a7201490b840eef48aab1f24a92dcb44,
        type: 3}
      propertyPath: m_LocalRotation.x
      value: 0
      objectReference: {fileID: 0}
    - target: {fileID: -4216859302048453862, guid: a7201490b840eef48aab1f24a92dcb44,
        type: 3}
      propertyPath: m_LocalRotation.y
      value: 0.7071068
      objectReference: {fileID: 0}
    - target: {fileID: -4216859302048453862, guid: a7201490b840eef48aab1f24a92dcb44,
        type: 3}
      propertyPath: m_LocalRotation.z
      value: 0
      objectReference: {fileID: 0}
    - target: {fileID: -4216859302048453862, guid: a7201490b840eef48aab1f24a92dcb44,
        type: 3}
      propertyPath: m_LocalRotation.w
      value: 0.7071068
      objectReference: {fileID: 0}
    - target: {fileID: -4216859302048453862, guid: a7201490b840eef48aab1f24a92dcb44,
        type: 3}
      propertyPath: m_RootOrder
      value: 1
      objectReference: {fileID: 0}
    - target: {fileID: -4216859302048453862, guid: a7201490b840eef48aab1f24a92dcb44,
        type: 3}
      propertyPath: m_LocalEulerAnglesHint.x
      value: 0
      objectReference: {fileID: 0}
    - target: {fileID: -4216859302048453862, guid: a7201490b840eef48aab1f24a92dcb44,
        type: 3}
      propertyPath: m_LocalEulerAnglesHint.y
      value: 90
      objectReference: {fileID: 0}
    - target: {fileID: -4216859302048453862, guid: a7201490b840eef48aab1f24a92dcb44,
        type: 3}
      propertyPath: m_LocalEulerAnglesHint.z
      value: 0
      objectReference: {fileID: 0}
    - target: {fileID: -3274941794945943502, guid: a7201490b840eef48aab1f24a92dcb44,
        type: 3}
      propertyPath: m_StaticEditorFlags
      value: 4294967295
      objectReference: {fileID: 0}
    - target: {fileID: -3274941794945943502, guid: a7201490b840eef48aab1f24a92dcb44,
        type: 3}
      propertyPath: m_Layer
      value: 12
      objectReference: {fileID: 0}
    - target: {fileID: -2176035138209697481, guid: a7201490b840eef48aab1f24a92dcb44,
        type: 3}
      propertyPath: m_StaticEditorFlags
      value: 4294967295
      objectReference: {fileID: 0}
    - target: {fileID: -2176035138209697481, guid: a7201490b840eef48aab1f24a92dcb44,
        type: 3}
      propertyPath: m_Layer
      value: 12
      objectReference: {fileID: 0}
    - target: {fileID: -1810343472342259294, guid: a7201490b840eef48aab1f24a92dcb44,
        type: 3}
      propertyPath: m_StaticEditorFlags
      value: 4294967295
      objectReference: {fileID: 0}
    - target: {fileID: -1810343472342259294, guid: a7201490b840eef48aab1f24a92dcb44,
        type: 3}
      propertyPath: m_Layer
      value: 12
      objectReference: {fileID: 0}
    - target: {fileID: -927199367670048503, guid: a7201490b840eef48aab1f24a92dcb44,
        type: 3}
      propertyPath: m_Name
      value: Wall003_Base (3)
      objectReference: {fileID: 0}
    - target: {fileID: -927199367670048503, guid: a7201490b840eef48aab1f24a92dcb44,
        type: 3}
      propertyPath: m_StaticEditorFlags
      value: 4294967295
      objectReference: {fileID: 0}
    - target: {fileID: -927199367670048503, guid: a7201490b840eef48aab1f24a92dcb44,
        type: 3}
      propertyPath: m_Layer
      value: 12
      objectReference: {fileID: 0}
    - target: {fileID: 2684603026627925260, guid: a7201490b840eef48aab1f24a92dcb44,
        type: 3}
      propertyPath: m_StaticEditorFlags
      value: 4294967295
      objectReference: {fileID: 0}
    - target: {fileID: 2684603026627925260, guid: a7201490b840eef48aab1f24a92dcb44,
        type: 3}
      propertyPath: m_Layer
      value: 12
      objectReference: {fileID: 0}
    - target: {fileID: 3129364371193226649, guid: a7201490b840eef48aab1f24a92dcb44,
        type: 3}
      propertyPath: m_StaticEditorFlags
      value: 4294967295
      objectReference: {fileID: 0}
    - target: {fileID: 3129364371193226649, guid: a7201490b840eef48aab1f24a92dcb44,
        type: 3}
      propertyPath: m_Layer
      value: 12
      objectReference: {fileID: 0}
    - target: {fileID: 3592841669503231433, guid: a7201490b840eef48aab1f24a92dcb44,
        type: 3}
      propertyPath: m_Materials.Array.data[0]
      value: 
      objectReference: {fileID: 2100000, guid: 6c25719a3f353594d8984b59bf19f3d0, type: 2}
    - target: {fileID: 3732905790791760264, guid: a7201490b840eef48aab1f24a92dcb44,
        type: 3}
      propertyPath: m_StaticEditorFlags
      value: 4294967295
      objectReference: {fileID: 0}
    - target: {fileID: 3732905790791760264, guid: a7201490b840eef48aab1f24a92dcb44,
        type: 3}
      propertyPath: m_Layer
      value: 12
      objectReference: {fileID: 0}
    - target: {fileID: 5795610185550766547, guid: a7201490b840eef48aab1f24a92dcb44,
        type: 3}
      propertyPath: m_StaticEditorFlags
      value: 4294967295
      objectReference: {fileID: 0}
    - target: {fileID: 5795610185550766547, guid: a7201490b840eef48aab1f24a92dcb44,
        type: 3}
      propertyPath: m_Layer
      value: 12
      objectReference: {fileID: 0}
    - target: {fileID: 5975600683503436088, guid: a7201490b840eef48aab1f24a92dcb44,
        type: 3}
      propertyPath: m_Materials.Array.data[0]
      value: 
      objectReference: {fileID: 2100000, guid: 6c25719a3f353594d8984b59bf19f3d0, type: 2}
    - target: {fileID: 6249776375066206285, guid: a7201490b840eef48aab1f24a92dcb44,
        type: 3}
      propertyPath: m_Materials.Array.data[0]
      value: 
      objectReference: {fileID: 2100000, guid: 6c25719a3f353594d8984b59bf19f3d0, type: 2}
    - target: {fileID: 7530337850202934798, guid: a7201490b840eef48aab1f24a92dcb44,
        type: 3}
      propertyPath: m_Materials.Array.data[0]
      value: 
      objectReference: {fileID: 2100000, guid: 6c25719a3f353594d8984b59bf19f3d0, type: 2}
    m_RemovedComponents: []
  m_SourcePrefab: {fileID: 100100000, guid: a7201490b840eef48aab1f24a92dcb44, type: 3}
--- !u!1 &7557027992805544378 stripped
GameObject:
  m_CorrespondingSourceObject: {fileID: -2176035138209697481, guid: a7201490b840eef48aab1f24a92dcb44,
    type: 3}
  m_PrefabInstance: {fileID: 653830608935821453}
  m_PrefabAsset: {fileID: 0}
--- !u!1 &2485814548173014292 stripped
GameObject:
  m_CorrespondingSourceObject: {fileID: 3129364371193226649, guid: a7201490b840eef48aab1f24a92dcb44,
    type: 3}
  m_PrefabInstance: {fileID: 653830608935821453}
  m_PrefabAsset: {fileID: 0}
--- !u!4 &5505768978275634071 stripped
Transform:
  m_CorrespondingSourceObject: {fileID: -4216859302048453862, guid: a7201490b840eef48aab1f24a92dcb44,
    type: 3}
  m_PrefabInstance: {fileID: 653830608935821453}
  m_PrefabAsset: {fileID: 0}
--- !u!1 &4242159335158946053 stripped
GameObject:
  m_CorrespondingSourceObject: {fileID: 3732905790791760264, guid: a7201490b840eef48aab1f24a92dcb44,
    type: 3}
  m_PrefabInstance: {fileID: 653830608935821453}
  m_PrefabAsset: {fileID: 0}
--- !u!1 &6602222835950622911 stripped
GameObject:
  m_CorrespondingSourceObject: {fileID: -3274941794945943502, guid: a7201490b840eef48aab1f24a92dcb44,
    type: 3}
  m_PrefabInstance: {fileID: 653830608935821453}
  m_PrefabAsset: {fileID: 0}
--- !u!1 &8066652052927940911 stripped
GameObject:
  m_CorrespondingSourceObject: {fileID: -1810343472342259294, guid: a7201490b840eef48aab1f24a92dcb44,
    type: 3}
  m_PrefabInstance: {fileID: 653830608935821453}
  m_PrefabAsset: {fileID: 0}
--- !u!1 &3194036487045592449 stripped
GameObject:
  m_CorrespondingSourceObject: {fileID: 2684603026627925260, guid: a7201490b840eef48aab1f24a92dcb44,
    type: 3}
  m_PrefabInstance: {fileID: 653830608935821453}
  m_PrefabAsset: {fileID: 0}
--- !u!1 &4576648827424135880 stripped
GameObject:
  m_CorrespondingSourceObject: {fileID: -5291348419234268603, guid: a7201490b840eef48aab1f24a92dcb44,
    type: 3}
  m_PrefabInstance: {fileID: 653830608935821453}
  m_PrefabAsset: {fileID: 0}
--- !u!1 &1489214308208140816 stripped
GameObject:
  m_CorrespondingSourceObject: {fileID: -7081875244972424547, guid: a7201490b840eef48aab1f24a92dcb44,
    type: 3}
  m_PrefabInstance: {fileID: 653830608935821453}
  m_PrefabAsset: {fileID: 0}
--- !u!1 &6448305535698993502 stripped
GameObject:
  m_CorrespondingSourceObject: {fileID: 5795610185550766547, guid: a7201490b840eef48aab1f24a92dcb44,
    type: 3}
  m_PrefabInstance: {fileID: 653830608935821453}
  m_PrefabAsset: {fileID: 0}
--- !u!1 &305901990739145744 stripped
GameObject:
  m_CorrespondingSourceObject: {fileID: -8274212830753663843, guid: a7201490b840eef48aab1f24a92dcb44,
    type: 3}
  m_PrefabInstance: {fileID: 653830608935821453}
  m_PrefabAsset: {fileID: 0}
--- !u!1001 &1452923861533985719
PrefabInstance:
  m_ObjectHideFlags: 0
  serializedVersion: 2
  m_Modification:
    m_TransformParent: {fileID: 1511430000013837897}
    m_Modifications:
    - target: {fileID: -7358679954270823238, guid: 4eb3aa33634e7cc4ea3098eedc0e0c07,
        type: 3}
      propertyPath: m_Materials.Array.data[0]
      value: 
      objectReference: {fileID: 2100000, guid: 6c25719a3f353594d8984b59bf19f3d0, type: 2}
    - target: {fileID: -7253505019365781113, guid: 4eb3aa33634e7cc4ea3098eedc0e0c07,
        type: 3}
      propertyPath: m_Materials.Array.data[0]
      value: 
      objectReference: {fileID: 2100000, guid: 6c25719a3f353594d8984b59bf19f3d0, type: 2}
    - target: {fileID: -5013501770588292570, guid: 4eb3aa33634e7cc4ea3098eedc0e0c07,
        type: 3}
      propertyPath: m_Materials.Array.data[0]
      value: 
      objectReference: {fileID: 2100000, guid: 6c25719a3f353594d8984b59bf19f3d0, type: 2}
    - target: {fileID: -4216859302048453862, guid: 4eb3aa33634e7cc4ea3098eedc0e0c07,
        type: 3}
      propertyPath: m_LocalPosition.x
      value: -0
      objectReference: {fileID: 0}
    - target: {fileID: -4216859302048453862, guid: 4eb3aa33634e7cc4ea3098eedc0e0c07,
        type: 3}
      propertyPath: m_LocalPosition.y
      value: 0
      objectReference: {fileID: 0}
    - target: {fileID: -4216859302048453862, guid: 4eb3aa33634e7cc4ea3098eedc0e0c07,
        type: 3}
      propertyPath: m_LocalPosition.z
      value: 2.5
      objectReference: {fileID: 0}
    - target: {fileID: -4216859302048453862, guid: 4eb3aa33634e7cc4ea3098eedc0e0c07,
        type: 3}
      propertyPath: m_LocalRotation.x
      value: 0
      objectReference: {fileID: 0}
    - target: {fileID: -4216859302048453862, guid: 4eb3aa33634e7cc4ea3098eedc0e0c07,
        type: 3}
      propertyPath: m_LocalRotation.y
      value: 0.7071068
      objectReference: {fileID: 0}
    - target: {fileID: -4216859302048453862, guid: 4eb3aa33634e7cc4ea3098eedc0e0c07,
        type: 3}
      propertyPath: m_LocalRotation.z
      value: 0
      objectReference: {fileID: 0}
    - target: {fileID: -4216859302048453862, guid: 4eb3aa33634e7cc4ea3098eedc0e0c07,
        type: 3}
      propertyPath: m_LocalRotation.w
      value: 0.7071068
      objectReference: {fileID: 0}
    - target: {fileID: -4216859302048453862, guid: 4eb3aa33634e7cc4ea3098eedc0e0c07,
        type: 3}
      propertyPath: m_RootOrder
      value: 0
      objectReference: {fileID: 0}
    - target: {fileID: -4216859302048453862, guid: 4eb3aa33634e7cc4ea3098eedc0e0c07,
        type: 3}
      propertyPath: m_LocalEulerAnglesHint.x
      value: 0
      objectReference: {fileID: 0}
    - target: {fileID: -4216859302048453862, guid: 4eb3aa33634e7cc4ea3098eedc0e0c07,
        type: 3}
      propertyPath: m_LocalEulerAnglesHint.y
      value: 90
      objectReference: {fileID: 0}
    - target: {fileID: -4216859302048453862, guid: 4eb3aa33634e7cc4ea3098eedc0e0c07,
        type: 3}
      propertyPath: m_LocalEulerAnglesHint.z
      value: 0
      objectReference: {fileID: 0}
    - target: {fileID: -3443018180563063532, guid: 4eb3aa33634e7cc4ea3098eedc0e0c07,
        type: 3}
      propertyPath: m_StaticEditorFlags
      value: 4294967295
      objectReference: {fileID: 0}
    - target: {fileID: -3443018180563063532, guid: 4eb3aa33634e7cc4ea3098eedc0e0c07,
        type: 3}
      propertyPath: m_Layer
      value: 12
      objectReference: {fileID: 0}
    - target: {fileID: -1806279292757920745, guid: 4eb3aa33634e7cc4ea3098eedc0e0c07,
        type: 3}
      propertyPath: m_StaticEditorFlags
      value: 4294967295
      objectReference: {fileID: 0}
    - target: {fileID: -1806279292757920745, guid: 4eb3aa33634e7cc4ea3098eedc0e0c07,
        type: 3}
      propertyPath: m_Layer
      value: 12
      objectReference: {fileID: 0}
    - target: {fileID: -1386490205808606369, guid: 4eb3aa33634e7cc4ea3098eedc0e0c07,
        type: 3}
      propertyPath: m_Materials.Array.data[0]
      value: 
      objectReference: {fileID: 2100000, guid: 6c25719a3f353594d8984b59bf19f3d0, type: 2}
    - target: {fileID: -1277575715335173911, guid: 4eb3aa33634e7cc4ea3098eedc0e0c07,
        type: 3}
      propertyPath: m_StaticEditorFlags
      value: 4294967295
      objectReference: {fileID: 0}
    - target: {fileID: -1277575715335173911, guid: 4eb3aa33634e7cc4ea3098eedc0e0c07,
        type: 3}
      propertyPath: m_Layer
      value: 12
      objectReference: {fileID: 0}
    - target: {fileID: -927199367670048503, guid: 4eb3aa33634e7cc4ea3098eedc0e0c07,
        type: 3}
      propertyPath: m_Name
      value: Wall009_Base
      objectReference: {fileID: 0}
    - target: {fileID: -927199367670048503, guid: 4eb3aa33634e7cc4ea3098eedc0e0c07,
        type: 3}
      propertyPath: m_StaticEditorFlags
      value: 4294967295
      objectReference: {fileID: 0}
    - target: {fileID: -927199367670048503, guid: 4eb3aa33634e7cc4ea3098eedc0e0c07,
        type: 3}
      propertyPath: m_Layer
      value: 12
      objectReference: {fileID: 0}
    - target: {fileID: -810829036210802796, guid: 4eb3aa33634e7cc4ea3098eedc0e0c07,
        type: 3}
      propertyPath: m_StaticEditorFlags
      value: 4294967295
      objectReference: {fileID: 0}
    - target: {fileID: -810829036210802796, guid: 4eb3aa33634e7cc4ea3098eedc0e0c07,
        type: 3}
      propertyPath: m_Layer
      value: 12
      objectReference: {fileID: 0}
    - target: {fileID: 1192842428188915300, guid: 4eb3aa33634e7cc4ea3098eedc0e0c07,
        type: 3}
      propertyPath: m_StaticEditorFlags
      value: 4294967295
      objectReference: {fileID: 0}
    - target: {fileID: 1192842428188915300, guid: 4eb3aa33634e7cc4ea3098eedc0e0c07,
        type: 3}
      propertyPath: m_Layer
      value: 12
      objectReference: {fileID: 0}
    - target: {fileID: 1224390762351460175, guid: 4eb3aa33634e7cc4ea3098eedc0e0c07,
        type: 3}
      propertyPath: m_Materials.Array.data[0]
      value: 
      objectReference: {fileID: 2100000, guid: 6c25719a3f353594d8984b59bf19f3d0, type: 2}
    - target: {fileID: 1870731317670370272, guid: 4eb3aa33634e7cc4ea3098eedc0e0c07,
        type: 3}
      propertyPath: m_Materials.Array.data[0]
      value: 
      objectReference: {fileID: 2100000, guid: 6c25719a3f353594d8984b59bf19f3d0, type: 2}
    - target: {fileID: 2339008370942609159, guid: 4eb3aa33634e7cc4ea3098eedc0e0c07,
        type: 3}
      propertyPath: m_Materials.Array.data[0]
      value: 
      objectReference: {fileID: 2100000, guid: 6c25719a3f353594d8984b59bf19f3d0, type: 2}
    - target: {fileID: 2513977668745422277, guid: 4eb3aa33634e7cc4ea3098eedc0e0c07,
        type: 3}
      propertyPath: m_StaticEditorFlags
      value: 4294967295
      objectReference: {fileID: 0}
    - target: {fileID: 2513977668745422277, guid: 4eb3aa33634e7cc4ea3098eedc0e0c07,
        type: 3}
      propertyPath: m_Layer
      value: 12
      objectReference: {fileID: 0}
    - target: {fileID: 5118846658372331254, guid: 4eb3aa33634e7cc4ea3098eedc0e0c07,
        type: 3}
      propertyPath: m_StaticEditorFlags
      value: 4294967295
      objectReference: {fileID: 0}
    - target: {fileID: 5118846658372331254, guid: 4eb3aa33634e7cc4ea3098eedc0e0c07,
        type: 3}
      propertyPath: m_Layer
      value: 12
      objectReference: {fileID: 0}
    - target: {fileID: 5153332657256924129, guid: 4eb3aa33634e7cc4ea3098eedc0e0c07,
        type: 3}
      propertyPath: m_Materials.Array.data[0]
      value: 
      objectReference: {fileID: 2100000, guid: 6c25719a3f353594d8984b59bf19f3d0, type: 2}
    - target: {fileID: 5408709261318174186, guid: 4eb3aa33634e7cc4ea3098eedc0e0c07,
        type: 3}
      propertyPath: m_StaticEditorFlags
      value: 4294967295
      objectReference: {fileID: 0}
    - target: {fileID: 5408709261318174186, guid: 4eb3aa33634e7cc4ea3098eedc0e0c07,
        type: 3}
      propertyPath: m_Layer
      value: 12
      objectReference: {fileID: 0}
    - target: {fileID: 5663447642857261000, guid: 4eb3aa33634e7cc4ea3098eedc0e0c07,
        type: 3}
      propertyPath: m_Materials.Array.data[0]
      value: 
      objectReference: {fileID: 2100000, guid: 723fddc633727e44985c0bc1e3f46186, type: 2}
    - target: {fileID: 7144065468535461588, guid: 4eb3aa33634e7cc4ea3098eedc0e0c07,
        type: 3}
      propertyPath: m_StaticEditorFlags
      value: 4294967295
      objectReference: {fileID: 0}
    - target: {fileID: 7144065468535461588, guid: 4eb3aa33634e7cc4ea3098eedc0e0c07,
        type: 3}
      propertyPath: m_Layer
      value: 12
      objectReference: {fileID: 0}
    - target: {fileID: 8031228958227764603, guid: 4eb3aa33634e7cc4ea3098eedc0e0c07,
        type: 3}
      propertyPath: m_Materials.Array.data[0]
      value: 
      objectReference: {fileID: 2100000, guid: 6c25719a3f353594d8984b59bf19f3d0, type: 2}
    - target: {fileID: 8498039506705802643, guid: 4eb3aa33634e7cc4ea3098eedc0e0c07,
        type: 3}
      propertyPath: m_StaticEditorFlags
      value: 4294967295
      objectReference: {fileID: 0}
    - target: {fileID: 8498039506705802643, guid: 4eb3aa33634e7cc4ea3098eedc0e0c07,
        type: 3}
      propertyPath: m_Layer
      value: 12
      objectReference: {fileID: 0}
    m_RemovedComponents: []
  m_SourcePrefab: {fileID: 100100000, guid: 4eb3aa33634e7cc4ea3098eedc0e0c07, type: 3}
--- !u!4 &5860139979664367789 stripped
Transform:
  m_CorrespondingSourceObject: {fileID: -4216859302048453862, guid: 4eb3aa33634e7cc4ea3098eedc0e0c07,
    type: 3}
  m_PrefabInstance: {fileID: 1452923861533985719}
  m_PrefabAsset: {fileID: 0}
--- !u!1 &8270610029068500896 stripped
GameObject:
  m_CorrespondingSourceObject: {fileID: -1806279292757920745, guid: 4eb3aa33634e7cc4ea3098eedc0e0c07,
    type: 3}
  m_PrefabInstance: {fileID: 1452923861533985719}
  m_PrefabAsset: {fileID: 0}
--- !u!1 &334393730630614483 stripped
GameObject:
  m_CorrespondingSourceObject: {fileID: 1192842428188915300, guid: 4eb3aa33634e7cc4ea3098eedc0e0c07,
    type: 3}
  m_PrefabInstance: {fileID: 1452923861533985719}
  m_PrefabAsset: {fileID: 0}
--- !u!1 &6959901750253397027 stripped
GameObject:
  m_CorrespondingSourceObject: {fileID: -810829036210802796, guid: 4eb3aa33634e7cc4ea3098eedc0e0c07,
    type: 3}
  m_PrefabInstance: {fileID: 1452923861533985719}
  m_PrefabAsset: {fileID: 0}
--- !u!1 &7045542305880829476 stripped
GameObject:
  m_CorrespondingSourceObject: {fileID: 8498039506705802643, guid: 4eb3aa33634e7cc4ea3098eedc0e0c07,
    type: 3}
  m_PrefabInstance: {fileID: 1452923861533985719}
  m_PrefabAsset: {fileID: 0}
--- !u!1 &8821690933837038430 stripped
GameObject:
  m_CorrespondingSourceObject: {fileID: -1277575715335173911, guid: 4eb3aa33634e7cc4ea3098eedc0e0c07,
    type: 3}
  m_PrefabInstance: {fileID: 1452923861533985719}
  m_PrefabAsset: {fileID: 0}
--- !u!1 &5989815438460480833 stripped
GameObject:
  m_CorrespondingSourceObject: {fileID: 5118846658372331254, guid: 4eb3aa33634e7cc4ea3098eedc0e0c07,
    type: 3}
  m_PrefabInstance: {fileID: 1452923861533985719}
  m_PrefabAsset: {fileID: 0}
--- !u!1 &4908399922232927907 stripped
GameObject:
  m_CorrespondingSourceObject: {fileID: -3443018180563063532, guid: 4eb3aa33634e7cc4ea3098eedc0e0c07,
    type: 3}
  m_PrefabInstance: {fileID: 1452923861533985719}
  m_PrefabAsset: {fileID: 0}
--- !u!1 &6856249840768138845 stripped
GameObject:
  m_CorrespondingSourceObject: {fileID: 5408709261318174186, guid: 4eb3aa33634e7cc4ea3098eedc0e0c07,
    type: 3}
  m_PrefabInstance: {fileID: 1452923861533985719}
  m_PrefabAsset: {fileID: 0}
--- !u!1 &8578516423664262499 stripped
GameObject:
  m_CorrespondingSourceObject: {fileID: 7144065468535461588, guid: 4eb3aa33634e7cc4ea3098eedc0e0c07,
    type: 3}
  m_PrefabInstance: {fileID: 1452923861533985719}
  m_PrefabAsset: {fileID: 0}
--- !u!1 &3948148151633440370 stripped
GameObject:
  m_CorrespondingSourceObject: {fileID: 2513977668745422277, guid: 4eb3aa33634e7cc4ea3098eedc0e0c07,
    type: 3}
  m_PrefabInstance: {fileID: 1452923861533985719}
  m_PrefabAsset: {fileID: 0}
--- !u!1001 &1747346377126934982
PrefabInstance:
  m_ObjectHideFlags: 0
  serializedVersion: 2
  m_Modification:
    m_TransformParent: {fileID: 1511430000013837897}
    m_Modifications:
    - target: {fileID: 1962985775691508665, guid: 342be0144acc7c14f884bf4f07365f9c,
        type: 3}
      propertyPath: m_Name
      value: Grass004
      objectReference: {fileID: 0}
    - target: {fileID: 1962985775691508665, guid: 342be0144acc7c14f884bf4f07365f9c,
        type: 3}
      propertyPath: m_StaticEditorFlags
      value: 4294967295
      objectReference: {fileID: 0}
    - target: {fileID: 1962985775691508665, guid: 342be0144acc7c14f884bf4f07365f9c,
        type: 3}
      propertyPath: m_Layer
      value: 12
      objectReference: {fileID: 0}
    - target: {fileID: 3271501127797594538, guid: 342be0144acc7c14f884bf4f07365f9c,
        type: 3}
      propertyPath: m_LocalPosition.x
      value: 0.4
      objectReference: {fileID: 0}
    - target: {fileID: 3271501127797594538, guid: 342be0144acc7c14f884bf4f07365f9c,
        type: 3}
      propertyPath: m_LocalPosition.y
      value: 1.5
      objectReference: {fileID: 0}
    - target: {fileID: 3271501127797594538, guid: 342be0144acc7c14f884bf4f07365f9c,
        type: 3}
      propertyPath: m_LocalPosition.z
      value: 3
      objectReference: {fileID: 0}
    - target: {fileID: 3271501127797594538, guid: 342be0144acc7c14f884bf4f07365f9c,
        type: 3}
      propertyPath: m_LocalRotation.x
      value: 0
      objectReference: {fileID: 0}
    - target: {fileID: 3271501127797594538, guid: 342be0144acc7c14f884bf4f07365f9c,
        type: 3}
      propertyPath: m_LocalRotation.y
      value: 0.7071068
      objectReference: {fileID: 0}
    - target: {fileID: 3271501127797594538, guid: 342be0144acc7c14f884bf4f07365f9c,
        type: 3}
      propertyPath: m_LocalRotation.z
      value: 0
      objectReference: {fileID: 0}
    - target: {fileID: 3271501127797594538, guid: 342be0144acc7c14f884bf4f07365f9c,
        type: 3}
      propertyPath: m_LocalRotation.w
      value: 0.7071068
      objectReference: {fileID: 0}
    - target: {fileID: 3271501127797594538, guid: 342be0144acc7c14f884bf4f07365f9c,
        type: 3}
      propertyPath: m_RootOrder
      value: 4
      objectReference: {fileID: 0}
    - target: {fileID: 3271501127797594538, guid: 342be0144acc7c14f884bf4f07365f9c,
        type: 3}
      propertyPath: m_LocalEulerAnglesHint.x
      value: 0
      objectReference: {fileID: 0}
    - target: {fileID: 3271501127797594538, guid: 342be0144acc7c14f884bf4f07365f9c,
        type: 3}
      propertyPath: m_LocalEulerAnglesHint.y
      value: 90
      objectReference: {fileID: 0}
    - target: {fileID: 3271501127797594538, guid: 342be0144acc7c14f884bf4f07365f9c,
        type: 3}
      propertyPath: m_LocalEulerAnglesHint.z
      value: 0
      objectReference: {fileID: 0}
    m_RemovedComponents: []
  m_SourcePrefab: {fileID: 100100000, guid: 342be0144acc7c14f884bf4f07365f9c, type: 3}
--- !u!4 &3844216683985969260 stripped
Transform:
  m_CorrespondingSourceObject: {fileID: 3271501127797594538, guid: 342be0144acc7c14f884bf4f07365f9c,
    type: 3}
  m_PrefabInstance: {fileID: 1747346377126934982}
  m_PrefabAsset: {fileID: 0}
--- !u!1001 &2382885423202914346
PrefabInstance:
  m_ObjectHideFlags: 0
  serializedVersion: 2
  m_Modification:
    m_TransformParent: {fileID: 1511430000013837897}
    m_Modifications:
    - target: {fileID: 1159007763149782251, guid: 1e1d00a5ab510824694e923a3ddc42fb,
        type: 3}
      propertyPath: m_LocalPosition.x
      value: -0.4
      objectReference: {fileID: 0}
    - target: {fileID: 1159007763149782251, guid: 1e1d00a5ab510824694e923a3ddc42fb,
        type: 3}
      propertyPath: m_LocalPosition.y
      value: -0
      objectReference: {fileID: 0}
    - target: {fileID: 1159007763149782251, guid: 1e1d00a5ab510824694e923a3ddc42fb,
        type: 3}
      propertyPath: m_LocalPosition.z
      value: -2.8
      objectReference: {fileID: 0}
    - target: {fileID: 1159007763149782251, guid: 1e1d00a5ab510824694e923a3ddc42fb,
        type: 3}
      propertyPath: m_LocalRotation.x
      value: -0.5
      objectReference: {fileID: 0}
    - target: {fileID: 1159007763149782251, guid: 1e1d00a5ab510824694e923a3ddc42fb,
        type: 3}
      propertyPath: m_LocalRotation.y
      value: -0.5
      objectReference: {fileID: 0}
    - target: {fileID: 1159007763149782251, guid: 1e1d00a5ab510824694e923a3ddc42fb,
        type: 3}
      propertyPath: m_LocalRotation.z
      value: -0.5
      objectReference: {fileID: 0}
    - target: {fileID: 1159007763149782251, guid: 1e1d00a5ab510824694e923a3ddc42fb,
        type: 3}
      propertyPath: m_LocalRotation.w
      value: 0.5
      objectReference: {fileID: 0}
    - target: {fileID: 1159007763149782251, guid: 1e1d00a5ab510824694e923a3ddc42fb,
        type: 3}
      propertyPath: m_RootOrder
      value: 6
      objectReference: {fileID: 0}
    - target: {fileID: 1159007763149782251, guid: 1e1d00a5ab510824694e923a3ddc42fb,
        type: 3}
      propertyPath: m_LocalEulerAnglesHint.x
      value: -90.00001
      objectReference: {fileID: 0}
    - target: {fileID: 1159007763149782251, guid: 1e1d00a5ab510824694e923a3ddc42fb,
        type: 3}
      propertyPath: m_LocalEulerAnglesHint.y
      value: -90
      objectReference: {fileID: 0}
    - target: {fileID: 1159007763149782251, guid: 1e1d00a5ab510824694e923a3ddc42fb,
        type: 3}
      propertyPath: m_LocalEulerAnglesHint.z
      value: 0
      objectReference: {fileID: 0}
    - target: {fileID: 2760362096173551352, guid: 1e1d00a5ab510824694e923a3ddc42fb,
        type: 3}
      propertyPath: m_Name
      value: ForestRoot (3)
      objectReference: {fileID: 0}
    - target: {fileID: 2760362096173551352, guid: 1e1d00a5ab510824694e923a3ddc42fb,
        type: 3}
      propertyPath: m_StaticEditorFlags
      value: 4294967295
      objectReference: {fileID: 0}
    - target: {fileID: 2760362096173551352, guid: 1e1d00a5ab510824694e923a3ddc42fb,
        type: 3}
      propertyPath: m_Layer
      value: 12
      objectReference: {fileID: 0}
    m_RemovedComponents: []
  m_SourcePrefab: {fileID: 100100000, guid: 1e1d00a5ab510824694e923a3ddc42fb, type: 3}
--- !u!4 &3531995019001015489 stripped
Transform:
  m_CorrespondingSourceObject: {fileID: 1159007763149782251, guid: 1e1d00a5ab510824694e923a3ddc42fb,
    type: 3}
  m_PrefabInstance: {fileID: 2382885423202914346}
  m_PrefabAsset: {fileID: 0}
--- !u!1001 &6229179448752681330
PrefabInstance:
  m_ObjectHideFlags: 0
  serializedVersion: 2
  m_Modification:
    m_TransformParent: {fileID: 1511430000013837897}
    m_Modifications:
    - target: {fileID: 1962985775691508665, guid: 342be0144acc7c14f884bf4f07365f9c,
        type: 3}
      propertyPath: m_Name
      value: Grass004 (1)
      objectReference: {fileID: 0}
    - target: {fileID: 1962985775691508665, guid: 342be0144acc7c14f884bf4f07365f9c,
        type: 3}
      propertyPath: m_StaticEditorFlags
      value: 4294967295
      objectReference: {fileID: 0}
    - target: {fileID: 1962985775691508665, guid: 342be0144acc7c14f884bf4f07365f9c,
        type: 3}
      propertyPath: m_Layer
      value: 12
      objectReference: {fileID: 0}
    - target: {fileID: 3271501127797594538, guid: 342be0144acc7c14f884bf4f07365f9c,
        type: 3}
      propertyPath: m_LocalPosition.x
      value: -0.4
      objectReference: {fileID: 0}
    - target: {fileID: 3271501127797594538, guid: 342be0144acc7c14f884bf4f07365f9c,
        type: 3}
      propertyPath: m_LocalPosition.y
      value: 1.5
      objectReference: {fileID: 0}
    - target: {fileID: 3271501127797594538, guid: 342be0144acc7c14f884bf4f07365f9c,
        type: 3}
      propertyPath: m_LocalPosition.z
      value: 3
      objectReference: {fileID: 0}
    - target: {fileID: 3271501127797594538, guid: 342be0144acc7c14f884bf4f07365f9c,
        type: 3}
      propertyPath: m_LocalRotation.x
      value: 0
      objectReference: {fileID: 0}
    - target: {fileID: 3271501127797594538, guid: 342be0144acc7c14f884bf4f07365f9c,
        type: 3}
      propertyPath: m_LocalRotation.y
      value: -0.7071068
      objectReference: {fileID: 0}
    - target: {fileID: 3271501127797594538, guid: 342be0144acc7c14f884bf4f07365f9c,
        type: 3}
      propertyPath: m_LocalRotation.z
      value: 0
      objectReference: {fileID: 0}
    - target: {fileID: 3271501127797594538, guid: 342be0144acc7c14f884bf4f07365f9c,
        type: 3}
      propertyPath: m_LocalRotation.w
      value: 0.7071068
      objectReference: {fileID: 0}
    - target: {fileID: 3271501127797594538, guid: 342be0144acc7c14f884bf4f07365f9c,
        type: 3}
      propertyPath: m_RootOrder
      value: 7
      objectReference: {fileID: 0}
    - target: {fileID: 3271501127797594538, guid: 342be0144acc7c14f884bf4f07365f9c,
        type: 3}
      propertyPath: m_LocalEulerAnglesHint.x
      value: 0
      objectReference: {fileID: 0}
    - target: {fileID: 3271501127797594538, guid: 342be0144acc7c14f884bf4f07365f9c,
        type: 3}
      propertyPath: m_LocalEulerAnglesHint.y
      value: -90
      objectReference: {fileID: 0}
    - target: {fileID: 3271501127797594538, guid: 342be0144acc7c14f884bf4f07365f9c,
        type: 3}
      propertyPath: m_LocalEulerAnglesHint.z
      value: 0
      objectReference: {fileID: 0}
    m_RemovedComponents: []
  m_SourcePrefab: {fileID: 100100000, guid: 342be0144acc7c14f884bf4f07365f9c, type: 3}
--- !u!4 &8868934865223641304 stripped
Transform:
  m_CorrespondingSourceObject: {fileID: 3271501127797594538, guid: 342be0144acc7c14f884bf4f07365f9c,
    type: 3}
  m_PrefabInstance: {fileID: 6229179448752681330}
  m_PrefabAsset: {fileID: 0}
--- !u!1001 &7134713474913376059
PrefabInstance:
  m_ObjectHideFlags: 0
  serializedVersion: 2
  m_Modification:
    m_TransformParent: {fileID: 1511430000013837897}
    m_Modifications:
    - target: {fileID: 1159007763149782251, guid: 1e1d00a5ab510824694e923a3ddc42fb,
        type: 3}
      propertyPath: m_LocalPosition.x
      value: 0.4
      objectReference: {fileID: 0}
    - target: {fileID: 1159007763149782251, guid: 1e1d00a5ab510824694e923a3ddc42fb,
        type: 3}
      propertyPath: m_LocalPosition.y
      value: -0
      objectReference: {fileID: 0}
    - target: {fileID: 1159007763149782251, guid: 1e1d00a5ab510824694e923a3ddc42fb,
        type: 3}
      propertyPath: m_LocalPosition.z
      value: -1.62
      objectReference: {fileID: 0}
    - target: {fileID: 1159007763149782251, guid: 1e1d00a5ab510824694e923a3ddc42fb,
        type: 3}
      propertyPath: m_LocalRotation.x
      value: -0.5
      objectReference: {fileID: 0}
    - target: {fileID: 1159007763149782251, guid: 1e1d00a5ab510824694e923a3ddc42fb,
        type: 3}
      propertyPath: m_LocalRotation.y
      value: 0.5
      objectReference: {fileID: 0}
    - target: {fileID: 1159007763149782251, guid: 1e1d00a5ab510824694e923a3ddc42fb,
        type: 3}
      propertyPath: m_LocalRotation.z
      value: 0.5
      objectReference: {fileID: 0}
    - target: {fileID: 1159007763149782251, guid: 1e1d00a5ab510824694e923a3ddc42fb,
        type: 3}
      propertyPath: m_LocalRotation.w
      value: 0.5
      objectReference: {fileID: 0}
    - target: {fileID: 1159007763149782251, guid: 1e1d00a5ab510824694e923a3ddc42fb,
        type: 3}
      propertyPath: m_RootOrder
      value: 2
      objectReference: {fileID: 0}
    - target: {fileID: 1159007763149782251, guid: 1e1d00a5ab510824694e923a3ddc42fb,
        type: 3}
      propertyPath: m_LocalEulerAnglesHint.x
      value: -90.00001
      objectReference: {fileID: 0}
    - target: {fileID: 1159007763149782251, guid: 1e1d00a5ab510824694e923a3ddc42fb,
        type: 3}
      propertyPath: m_LocalEulerAnglesHint.y
      value: 90
      objectReference: {fileID: 0}
    - target: {fileID: 1159007763149782251, guid: 1e1d00a5ab510824694e923a3ddc42fb,
        type: 3}
      propertyPath: m_LocalEulerAnglesHint.z
      value: 0
      objectReference: {fileID: 0}
    - target: {fileID: 2760362096173551352, guid: 1e1d00a5ab510824694e923a3ddc42fb,
        type: 3}
      propertyPath: m_Name
      value: ForestRoot
      objectReference: {fileID: 0}
    - target: {fileID: 2760362096173551352, guid: 1e1d00a5ab510824694e923a3ddc42fb,
        type: 3}
      propertyPath: m_StaticEditorFlags
      value: 4294967295
      objectReference: {fileID: 0}
    - target: {fileID: 2760362096173551352, guid: 1e1d00a5ab510824694e923a3ddc42fb,
        type: 3}
      propertyPath: m_Layer
      value: 12
      objectReference: {fileID: 0}
    m_RemovedComponents: []
  m_SourcePrefab: {fileID: 100100000, guid: 1e1d00a5ab510824694e923a3ddc42fb, type: 3}
--- !u!4 &8292823949387099088 stripped
Transform:
  m_CorrespondingSourceObject: {fileID: 1159007763149782251, guid: 1e1d00a5ab510824694e923a3ddc42fb,
    type: 3}
  m_PrefabInstance: {fileID: 7134713474913376059}
  m_PrefabAsset: {fileID: 0}
--- !u!1001 &8051106232098857213
PrefabInstance:
  m_ObjectHideFlags: 0
  serializedVersion: 2
  m_Modification:
    m_TransformParent: {fileID: 1511430000013837897}
    m_Modifications:
    - target: {fileID: 1159007763149782251, guid: 1e1d00a5ab510824694e923a3ddc42fb,
        type: 3}
      propertyPath: m_LocalPosition.x
      value: 0.4
      objectReference: {fileID: 0}
    - target: {fileID: 1159007763149782251, guid: 1e1d00a5ab510824694e923a3ddc42fb,
        type: 3}
      propertyPath: m_LocalPosition.y
      value: -0
      objectReference: {fileID: 0}
    - target: {fileID: 1159007763149782251, guid: 1e1d00a5ab510824694e923a3ddc42fb,
        type: 3}
      propertyPath: m_LocalPosition.z
      value: -2.8
      objectReference: {fileID: 0}
    - target: {fileID: 1159007763149782251, guid: 1e1d00a5ab510824694e923a3ddc42fb,
        type: 3}
      propertyPath: m_LocalRotation.x
      value: -0.5
      objectReference: {fileID: 0}
    - target: {fileID: 1159007763149782251, guid: 1e1d00a5ab510824694e923a3ddc42fb,
        type: 3}
      propertyPath: m_LocalRotation.y
      value: 0.5
      objectReference: {fileID: 0}
    - target: {fileID: 1159007763149782251, guid: 1e1d00a5ab510824694e923a3ddc42fb,
        type: 3}
      propertyPath: m_LocalRotation.z
      value: 0.5
      objectReference: {fileID: 0}
    - target: {fileID: 1159007763149782251, guid: 1e1d00a5ab510824694e923a3ddc42fb,
        type: 3}
      propertyPath: m_LocalRotation.w
      value: 0.5
      objectReference: {fileID: 0}
    - target: {fileID: 1159007763149782251, guid: 1e1d00a5ab510824694e923a3ddc42fb,
        type: 3}
      propertyPath: m_RootOrder
      value: 3
      objectReference: {fileID: 0}
    - target: {fileID: 1159007763149782251, guid: 1e1d00a5ab510824694e923a3ddc42fb,
        type: 3}
      propertyPath: m_LocalEulerAnglesHint.x
      value: -90.00001
      objectReference: {fileID: 0}
    - target: {fileID: 1159007763149782251, guid: 1e1d00a5ab510824694e923a3ddc42fb,
        type: 3}
      propertyPath: m_LocalEulerAnglesHint.y
      value: 90
      objectReference: {fileID: 0}
    - target: {fileID: 1159007763149782251, guid: 1e1d00a5ab510824694e923a3ddc42fb,
        type: 3}
      propertyPath: m_LocalEulerAnglesHint.z
      value: 0
      objectReference: {fileID: 0}
    - target: {fileID: 2760362096173551352, guid: 1e1d00a5ab510824694e923a3ddc42fb,
        type: 3}
      propertyPath: m_Name
      value: ForestRoot (1)
      objectReference: {fileID: 0}
    - target: {fileID: 2760362096173551352, guid: 1e1d00a5ab510824694e923a3ddc42fb,
        type: 3}
      propertyPath: m_StaticEditorFlags
      value: 4294967295
      objectReference: {fileID: 0}
    - target: {fileID: 2760362096173551352, guid: 1e1d00a5ab510824694e923a3ddc42fb,
        type: 3}
      propertyPath: m_Layer
      value: 12
      objectReference: {fileID: 0}
    m_RemovedComponents: []
  m_SourcePrefab: {fileID: 100100000, guid: 1e1d00a5ab510824694e923a3ddc42fb, type: 3}
--- !u!4 &9200529808874396694 stripped
Transform:
  m_CorrespondingSourceObject: {fileID: 1159007763149782251, guid: 1e1d00a5ab510824694e923a3ddc42fb,
    type: 3}
  m_PrefabInstance: {fileID: 8051106232098857213}
  m_PrefabAsset: {fileID: 0}
--- !u!1001 &8138967084734900480
PrefabInstance:
  m_ObjectHideFlags: 0
  serializedVersion: 2
  m_Modification:
    m_TransformParent: {fileID: 1511430000013837897}
    m_Modifications:
    - target: {fileID: 1159007763149782251, guid: 1e1d00a5ab510824694e923a3ddc42fb,
        type: 3}
      propertyPath: m_LocalPosition.x
      value: -0.4
      objectReference: {fileID: 0}
    - target: {fileID: 1159007763149782251, guid: 1e1d00a5ab510824694e923a3ddc42fb,
        type: 3}
      propertyPath: m_LocalPosition.y
      value: -0
      objectReference: {fileID: 0}
    - target: {fileID: 1159007763149782251, guid: 1e1d00a5ab510824694e923a3ddc42fb,
        type: 3}
      propertyPath: m_LocalPosition.z
      value: -1.62
      objectReference: {fileID: 0}
    - target: {fileID: 1159007763149782251, guid: 1e1d00a5ab510824694e923a3ddc42fb,
        type: 3}
      propertyPath: m_LocalRotation.x
      value: -0.5
      objectReference: {fileID: 0}
    - target: {fileID: 1159007763149782251, guid: 1e1d00a5ab510824694e923a3ddc42fb,
        type: 3}
      propertyPath: m_LocalRotation.y
      value: -0.5
      objectReference: {fileID: 0}
    - target: {fileID: 1159007763149782251, guid: 1e1d00a5ab510824694e923a3ddc42fb,
        type: 3}
      propertyPath: m_LocalRotation.z
      value: -0.5
      objectReference: {fileID: 0}
    - target: {fileID: 1159007763149782251, guid: 1e1d00a5ab510824694e923a3ddc42fb,
        type: 3}
      propertyPath: m_LocalRotation.w
      value: 0.5
      objectReference: {fileID: 0}
    - target: {fileID: 1159007763149782251, guid: 1e1d00a5ab510824694e923a3ddc42fb,
        type: 3}
      propertyPath: m_RootOrder
      value: 5
      objectReference: {fileID: 0}
    - target: {fileID: 1159007763149782251, guid: 1e1d00a5ab510824694e923a3ddc42fb,
        type: 3}
      propertyPath: m_LocalEulerAnglesHint.x
      value: -90.00001
      objectReference: {fileID: 0}
    - target: {fileID: 1159007763149782251, guid: 1e1d00a5ab510824694e923a3ddc42fb,
        type: 3}
      propertyPath: m_LocalEulerAnglesHint.y
      value: -90
      objectReference: {fileID: 0}
    - target: {fileID: 1159007763149782251, guid: 1e1d00a5ab510824694e923a3ddc42fb,
        type: 3}
      propertyPath: m_LocalEulerAnglesHint.z
      value: 0
      objectReference: {fileID: 0}
    - target: {fileID: 2760362096173551352, guid: 1e1d00a5ab510824694e923a3ddc42fb,
        type: 3}
      propertyPath: m_Name
      value: ForestRoot (2)
      objectReference: {fileID: 0}
    - target: {fileID: 2760362096173551352, guid: 1e1d00a5ab510824694e923a3ddc42fb,
        type: 3}
      propertyPath: m_StaticEditorFlags
      value: 4294967295
      objectReference: {fileID: 0}
    - target: {fileID: 2760362096173551352, guid: 1e1d00a5ab510824694e923a3ddc42fb,
        type: 3}
      propertyPath: m_Layer
      value: 12
      objectReference: {fileID: 0}
    m_RemovedComponents: []
  m_SourcePrefab: {fileID: 100100000, guid: 1e1d00a5ab510824694e923a3ddc42fb, type: 3}
--- !u!4 &6982536666842797547 stripped
Transform:
  m_CorrespondingSourceObject: {fileID: 1159007763149782251, guid: 1e1d00a5ab510824694e923a3ddc42fb,
    type: 3}
  m_PrefabInstance: {fileID: 8138967084734900480}
  m_PrefabAsset: {fileID: 0}
