%YAML 1.1
%TAG !u! tag:unity3d.com,2011:
--- !u!1 &970976648202687730
GameObject:
  m_ObjectHideFlags: 0
  m_CorrespondingSourceObject: {fileID: 0}
  m_PrefabInstance: {fileID: 0}
  m_PrefabAsset: {fileID: 0}
  serializedVersion: 6
  m_Component:
  - component: {fileID: 1334442807987052943}
  - component: {fileID: 5965853007950560867}
  m_Layer: 12
  m_Name: ForestWall_006
  m_TagString: Untagged
  m_Icon: {fileID: 0}
  m_NavMeshLayer: 0
  m_StaticEditorFlags: 4294967295
  m_IsActive: 1
--- !u!4 &1334442807987052943
Transform:
  m_ObjectHideFlags: 0
  m_CorrespondingSourceObject: {fileID: 0}
  m_PrefabInstance: {fileID: 0}
  m_PrefabAsset: {fileID: 0}
  m_GameObject: {fileID: 970976648202687730}
  m_LocalRotation: {x: 0, y: 0, z: 0, w: 1}
  m_LocalPosition: {x: 0, y: 0, z: 0}
  m_LocalScale: {x: 1, y: 1, z: 1}
  m_Children:
  - {fileID: 4204227734735846154}
  - {fileID: 5518878691097807342}
  - {fileID: 8101776757101148168}
  - {fileID: 7343198075289684357}
  - {fileID: 1598217831100914879}
  - {fileID: 3938175253545372965}
  - {fileID: 5820584290300710546}
  m_Father: {fileID: 0}
  m_RootOrder: 0
  m_LocalEulerAnglesHint: {x: 0, y: 0, z: 0}
--- !u!65 &5965853007950560867
BoxCollider:
  m_ObjectHideFlags: 0
  m_CorrespondingSourceObject: {fileID: 0}
  m_PrefabInstance: {fileID: 0}
  m_PrefabAsset: {fileID: 0}
  m_GameObject: {fileID: 970976648202687730}
  m_Material: {fileID: 0}
  m_IsTrigger: 0
  m_Enabled: 1
  serializedVersion: 2
  m_Size: {x: 0.5, y: 3, z: 10}
  m_Center: {x: 0, y: 1.5, z: 0}
--- !u!1001 &715027956719821556
PrefabInstance:
  m_ObjectHideFlags: 0
  serializedVersion: 2
  m_Modification:
    m_TransformParent: {fileID: 1334442807987052943}
    m_Modifications:
    - target: {fileID: -8327541572663844387, guid: accfa039c6ae9cb4e907a696546fcd35,
        type: 3}
      propertyPath: m_StaticEditorFlags
      value: 4294967295
      objectReference: {fileID: 0}
    - target: {fileID: -8327541572663844387, guid: accfa039c6ae9cb4e907a696546fcd35,
        type: 3}
      propertyPath: m_Layer
      value: 12
      objectReference: {fileID: 0}
    - target: {fileID: -5474898156131130949, guid: accfa039c6ae9cb4e907a696546fcd35,
        type: 3}
      propertyPath: m_Materials.Array.data[0]
      value: 
      objectReference: {fileID: 2100000, guid: 6c25719a3f353594d8984b59bf19f3d0, type: 2}
    - target: {fileID: -4216859302048453862, guid: accfa039c6ae9cb4e907a696546fcd35,
        type: 3}
      propertyPath: m_LocalPosition.x
      value: 0
      objectReference: {fileID: 0}
    - target: {fileID: -4216859302048453862, guid: accfa039c6ae9cb4e907a696546fcd35,
        type: 3}
      propertyPath: m_LocalPosition.y
      value: 0
      objectReference: {fileID: 0}
    - target: {fileID: -4216859302048453862, guid: accfa039c6ae9cb4e907a696546fcd35,
        type: 3}
      propertyPath: m_LocalPosition.z
      value: 2.5
      objectReference: {fileID: 0}
    - target: {fileID: -4216859302048453862, guid: accfa039c6ae9cb4e907a696546fcd35,
        type: 3}
      propertyPath: m_LocalRotation.x
      value: 0
      objectReference: {fileID: 0}
    - target: {fileID: -4216859302048453862, guid: accfa039c6ae9cb4e907a696546fcd35,
        type: 3}
      propertyPath: m_LocalRotation.y
      value: 0.7071068
      objectReference: {fileID: 0}
    - target: {fileID: -4216859302048453862, guid: accfa039c6ae9cb4e907a696546fcd35,
        type: 3}
      propertyPath: m_LocalRotation.z
      value: 0
      objectReference: {fileID: 0}
    - target: {fileID: -4216859302048453862, guid: accfa039c6ae9cb4e907a696546fcd35,
        type: 3}
      propertyPath: m_LocalRotation.w
      value: 0.7071068
      objectReference: {fileID: 0}
    - target: {fileID: -4216859302048453862, guid: accfa039c6ae9cb4e907a696546fcd35,
        type: 3}
      propertyPath: m_RootOrder
      value: 1
      objectReference: {fileID: 0}
    - target: {fileID: -4216859302048453862, guid: accfa039c6ae9cb4e907a696546fcd35,
        type: 3}
      propertyPath: m_LocalEulerAnglesHint.x
      value: 0
      objectReference: {fileID: 0}
    - target: {fileID: -4216859302048453862, guid: accfa039c6ae9cb4e907a696546fcd35,
        type: 3}
      propertyPath: m_LocalEulerAnglesHint.y
      value: 90
      objectReference: {fileID: 0}
    - target: {fileID: -4216859302048453862, guid: accfa039c6ae9cb4e907a696546fcd35,
        type: 3}
      propertyPath: m_LocalEulerAnglesHint.z
      value: 0
      objectReference: {fileID: 0}
    - target: {fileID: -3556762185777344431, guid: accfa039c6ae9cb4e907a696546fcd35,
        type: 3}
      propertyPath: m_Materials.Array.data[0]
      value: 
      objectReference: {fileID: 2100000, guid: b7cae7b1733e29c4bb42c777fa5fc2e3, type: 2}
    - target: {fileID: -2845842031540596213, guid: accfa039c6ae9cb4e907a696546fcd35,
        type: 3}
      propertyPath: m_Materials.Array.data[0]
      value: 
      objectReference: {fileID: 2100000, guid: 6c25719a3f353594d8984b59bf19f3d0, type: 2}
    - target: {fileID: -1323980743508842929, guid: accfa039c6ae9cb4e907a696546fcd35,
        type: 3}
      propertyPath: m_StaticEditorFlags
      value: 4294967295
      objectReference: {fileID: 0}
    - target: {fileID: -1323980743508842929, guid: accfa039c6ae9cb4e907a696546fcd35,
        type: 3}
      propertyPath: m_Layer
      value: 12
      objectReference: {fileID: 0}
    - target: {fileID: -1317909590946094382, guid: accfa039c6ae9cb4e907a696546fcd35,
        type: 3}
      propertyPath: m_StaticEditorFlags
      value: 4294967295
      objectReference: {fileID: 0}
    - target: {fileID: -1317909590946094382, guid: accfa039c6ae9cb4e907a696546fcd35,
        type: 3}
      propertyPath: m_Layer
      value: 12
      objectReference: {fileID: 0}
    - target: {fileID: -927199367670048503, guid: accfa039c6ae9cb4e907a696546fcd35,
        type: 3}
      propertyPath: m_Name
      value: Wall008_Base (3)
      objectReference: {fileID: 0}
    - target: {fileID: -927199367670048503, guid: accfa039c6ae9cb4e907a696546fcd35,
        type: 3}
      propertyPath: m_StaticEditorFlags
      value: 4294967295
      objectReference: {fileID: 0}
    - target: {fileID: -927199367670048503, guid: accfa039c6ae9cb4e907a696546fcd35,
        type: 3}
      propertyPath: m_Layer
      value: 12
      objectReference: {fileID: 0}
    - target: {fileID: -61218324236362721, guid: accfa039c6ae9cb4e907a696546fcd35,
        type: 3}
      propertyPath: m_Materials.Array.data[0]
      value: 
      objectReference: {fileID: 2100000, guid: 6c25719a3f353594d8984b59bf19f3d0, type: 2}
    - target: {fileID: 1382982249631679352, guid: accfa039c6ae9cb4e907a696546fcd35,
        type: 3}
      propertyPath: m_StaticEditorFlags
      value: 4294967295
      objectReference: {fileID: 0}
    - target: {fileID: 1382982249631679352, guid: accfa039c6ae9cb4e907a696546fcd35,
        type: 3}
      propertyPath: m_Layer
      value: 12
      objectReference: {fileID: 0}
    - target: {fileID: 1997936023115290893, guid: accfa039c6ae9cb4e907a696546fcd35,
        type: 3}
      propertyPath: m_StaticEditorFlags
      value: 4294967295
      objectReference: {fileID: 0}
    - target: {fileID: 1997936023115290893, guid: accfa039c6ae9cb4e907a696546fcd35,
        type: 3}
      propertyPath: m_Layer
      value: 12
      objectReference: {fileID: 0}
    - target: {fileID: 2962553153460129071, guid: accfa039c6ae9cb4e907a696546fcd35,
        type: 3}
      propertyPath: m_Materials.Array.data[0]
      value: 
      objectReference: {fileID: 2100000, guid: 6c25719a3f353594d8984b59bf19f3d0, type: 2}
    - target: {fileID: 6679199562279806044, guid: accfa039c6ae9cb4e907a696546fcd35,
        type: 3}
      propertyPath: m_Materials.Array.data[0]
      value: 
      objectReference: {fileID: 2100000, guid: 6c25719a3f353594d8984b59bf19f3d0, type: 2}
    - target: {fileID: 7251976622208847905, guid: accfa039c6ae9cb4e907a696546fcd35,
        type: 3}
      propertyPath: m_StaticEditorFlags
      value: 4294967295
      objectReference: {fileID: 0}
    - target: {fileID: 7251976622208847905, guid: accfa039c6ae9cb4e907a696546fcd35,
        type: 3}
      propertyPath: m_Layer
      value: 12
      objectReference: {fileID: 0}
    - target: {fileID: 7647475893225900586, guid: accfa039c6ae9cb4e907a696546fcd35,
        type: 3}
      propertyPath: m_Materials.Array.data[0]
      value: 
      objectReference: {fileID: 2100000, guid: 6c25719a3f353594d8984b59bf19f3d0, type: 2}
    - target: {fileID: 9205731293869240664, guid: accfa039c6ae9cb4e907a696546fcd35,
        type: 3}
      propertyPath: m_StaticEditorFlags
      value: 4294967295
      objectReference: {fileID: 0}
    - target: {fileID: 9205731293869240664, guid: accfa039c6ae9cb4e907a696546fcd35,
        type: 3}
      propertyPath: m_Layer
      value: 12
      objectReference: {fileID: 0}
    m_RemovedComponents: []
  m_SourcePrefab: {fileID: 100100000, guid: accfa039c6ae9cb4e907a696546fcd35, type: 3}
--- !u!4 &5518878691097807342 stripped
Transform:
  m_CorrespondingSourceObject: {fileID: -4216859302048453862, guid: accfa039c6ae9cb4e907a696546fcd35,
    type: 3}
  m_PrefabInstance: {fileID: 715027956719821556}
  m_PrefabAsset: {fileID: 0}
--- !u!1001 &2281893369164808546
PrefabInstance:
  m_ObjectHideFlags: 0
  serializedVersion: 2
  m_Modification:
    m_TransformParent: {fileID: 1334442807987052943}
    m_Modifications:
    - target: {fileID: 2258139263012699732, guid: 89b86546f790d254188f55b776261979,
        type: 3}
      propertyPath: m_Name
      value: Grass001 (1)
      objectReference: {fileID: 0}
    - target: {fileID: 2258139263012699732, guid: 89b86546f790d254188f55b776261979,
        type: 3}
      propertyPath: m_StaticEditorFlags
      value: 4294967295
      objectReference: {fileID: 0}
    - target: {fileID: 2258139263012699732, guid: 89b86546f790d254188f55b776261979,
        type: 3}
      propertyPath: m_Layer
      value: 12
      objectReference: {fileID: 0}
    - target: {fileID: 2958262882349681735, guid: 89b86546f790d254188f55b776261979,
        type: 3}
      propertyPath: m_LocalPosition.x
      value: -0.4
      objectReference: {fileID: 0}
    - target: {fileID: 2958262882349681735, guid: 89b86546f790d254188f55b776261979,
        type: 3}
      propertyPath: m_LocalPosition.y
      value: 1.5
      objectReference: {fileID: 0}
    - target: {fileID: 2958262882349681735, guid: 89b86546f790d254188f55b776261979,
        type: 3}
      propertyPath: m_LocalPosition.z
      value: 2.5
      objectReference: {fileID: 0}
    - target: {fileID: 2958262882349681735, guid: 89b86546f790d254188f55b776261979,
        type: 3}
      propertyPath: m_LocalRotation.x
      value: 0
      objectReference: {fileID: 0}
    - target: {fileID: 2958262882349681735, guid: 89b86546f790d254188f55b776261979,
        type: 3}
      propertyPath: m_LocalRotation.y
      value: -0.7071068
      objectReference: {fileID: 0}
    - target: {fileID: 2958262882349681735, guid: 89b86546f790d254188f55b776261979,
        type: 3}
      propertyPath: m_LocalRotation.z
      value: 0
      objectReference: {fileID: 0}
    - target: {fileID: 2958262882349681735, guid: 89b86546f790d254188f55b776261979,
        type: 3}
      propertyPath: m_LocalRotation.w
      value: 0.7071068
      objectReference: {fileID: 0}
    - target: {fileID: 2958262882349681735, guid: 89b86546f790d254188f55b776261979,
        type: 3}
      propertyPath: m_RootOrder
      value: 5
      objectReference: {fileID: 0}
    - target: {fileID: 2958262882349681735, guid: 89b86546f790d254188f55b776261979,
        type: 3}
      propertyPath: m_LocalEulerAnglesHint.x
      value: 0
      objectReference: {fileID: 0}
    - target: {fileID: 2958262882349681735, guid: 89b86546f790d254188f55b776261979,
        type: 3}
      propertyPath: m_LocalEulerAnglesHint.y
      value: -90
      objectReference: {fileID: 0}
    - target: {fileID: 2958262882349681735, guid: 89b86546f790d254188f55b776261979,
        type: 3}
      propertyPath: m_LocalEulerAnglesHint.z
      value: 0
      objectReference: {fileID: 0}
    m_RemovedComponents: []
  m_SourcePrefab: {fileID: 100100000, guid: 89b86546f790d254188f55b776261979, type: 3}
--- !u!4 &3938175253545372965 stripped
Transform:
  m_CorrespondingSourceObject: {fileID: 2958262882349681735, guid: 89b86546f790d254188f55b776261979,
    type: 3}
  m_PrefabInstance: {fileID: 2281893369164808546}
  m_PrefabAsset: {fileID: 0}
--- !u!1001 &4271864731823588629
PrefabInstance:
  m_ObjectHideFlags: 0
  serializedVersion: 2
  m_Modification:
    m_TransformParent: {fileID: 1334442807987052943}
    m_Modifications:
    - target: {fileID: 1962985775691508665, guid: 342be0144acc7c14f884bf4f07365f9c,
        type: 3}
      propertyPath: m_Name
      value: Grass004
      objectReference: {fileID: 0}
    - target: {fileID: 1962985775691508665, guid: 342be0144acc7c14f884bf4f07365f9c,
        type: 3}
      propertyPath: m_StaticEditorFlags
      value: 4294967295
      objectReference: {fileID: 0}
    - target: {fileID: 1962985775691508665, guid: 342be0144acc7c14f884bf4f07365f9c,
        type: 3}
      propertyPath: m_Layer
      value: 12
      objectReference: {fileID: 0}
    - target: {fileID: 3271501127797594538, guid: 342be0144acc7c14f884bf4f07365f9c,
        type: 3}
      propertyPath: m_LocalPosition.x
      value: 0.4
      objectReference: {fileID: 0}
    - target: {fileID: 3271501127797594538, guid: 342be0144acc7c14f884bf4f07365f9c,
        type: 3}
      propertyPath: m_LocalPosition.y
      value: 1.5
      objectReference: {fileID: 0}
    - target: {fileID: 3271501127797594538, guid: 342be0144acc7c14f884bf4f07365f9c,
        type: 3}
      propertyPath: m_LocalPosition.z
      value: -2.5
      objectReference: {fileID: 0}
    - target: {fileID: 3271501127797594538, guid: 342be0144acc7c14f884bf4f07365f9c,
        type: 3}
      propertyPath: m_LocalRotation.x
      value: 0
      objectReference: {fileID: 0}
    - target: {fileID: 3271501127797594538, guid: 342be0144acc7c14f884bf4f07365f9c,
        type: 3}
      propertyPath: m_LocalRotation.y
      value: 0.7071068
      objectReference: {fileID: 0}
    - target: {fileID: 3271501127797594538, guid: 342be0144acc7c14f884bf4f07365f9c,
        type: 3}
      propertyPath: m_LocalRotation.z
      value: 0
      objectReference: {fileID: 0}
    - target: {fileID: 3271501127797594538, guid: 342be0144acc7c14f884bf4f07365f9c,
        type: 3}
      propertyPath: m_LocalRotation.w
      value: 0.7071068
      objectReference: {fileID: 0}
    - target: {fileID: 3271501127797594538, guid: 342be0144acc7c14f884bf4f07365f9c,
        type: 3}
      propertyPath: m_RootOrder
      value: 4
      objectReference: {fileID: 0}
    - target: {fileID: 3271501127797594538, guid: 342be0144acc7c14f884bf4f07365f9c,
        type: 3}
      propertyPath: m_LocalEulerAnglesHint.x
      value: 0
      objectReference: {fileID: 0}
    - target: {fileID: 3271501127797594538, guid: 342be0144acc7c14f884bf4f07365f9c,
        type: 3}
      propertyPath: m_LocalEulerAnglesHint.y
      value: 90
      objectReference: {fileID: 0}
    - target: {fileID: 3271501127797594538, guid: 342be0144acc7c14f884bf4f07365f9c,
        type: 3}
      propertyPath: m_LocalEulerAnglesHint.z
      value: 0
      objectReference: {fileID: 0}
    m_RemovedComponents: []
  m_SourcePrefab: {fileID: 100100000, guid: 342be0144acc7c14f884bf4f07365f9c, type: 3}
--- !u!4 &1598217831100914879 stripped
Transform:
  m_CorrespondingSourceObject: {fileID: 3271501127797594538, guid: 342be0144acc7c14f884bf4f07365f9c,
    type: 3}
  m_PrefabInstance: {fileID: 4271864731823588629}
  m_PrefabAsset: {fileID: 0}
--- !u!1001 &5541006254175176130
PrefabInstance:
  m_ObjectHideFlags: 0
  serializedVersion: 2
  m_Modification:
    m_TransformParent: {fileID: 1334442807987052943}
    m_Modifications:
    - target: {fileID: 2258139263012699732, guid: 89b86546f790d254188f55b776261979,
        type: 3}
      propertyPath: m_Name
      value: Grass001
      objectReference: {fileID: 0}
    - target: {fileID: 2258139263012699732, guid: 89b86546f790d254188f55b776261979,
        type: 3}
      propertyPath: m_StaticEditorFlags
      value: 4294967295
      objectReference: {fileID: 0}
    - target: {fileID: 2258139263012699732, guid: 89b86546f790d254188f55b776261979,
        type: 3}
      propertyPath: m_Layer
      value: 12
      objectReference: {fileID: 0}
    - target: {fileID: 2958262882349681735, guid: 89b86546f790d254188f55b776261979,
        type: 3}
      propertyPath: m_LocalPosition.x
      value: 0.4
      objectReference: {fileID: 0}
    - target: {fileID: 2958262882349681735, guid: 89b86546f790d254188f55b776261979,
        type: 3}
      propertyPath: m_LocalPosition.y
      value: 1.5
      objectReference: {fileID: 0}
    - target: {fileID: 2958262882349681735, guid: 89b86546f790d254188f55b776261979,
        type: 3}
      propertyPath: m_LocalPosition.z
      value: 2.5
      objectReference: {fileID: 0}
    - target: {fileID: 2958262882349681735, guid: 89b86546f790d254188f55b776261979,
        type: 3}
      propertyPath: m_LocalRotation.x
      value: 0
      objectReference: {fileID: 0}
    - target: {fileID: 2958262882349681735, guid: 89b86546f790d254188f55b776261979,
        type: 3}
      propertyPath: m_LocalRotation.y
      value: 0.7071068
      objectReference: {fileID: 0}
    - target: {fileID: 2958262882349681735, guid: 89b86546f790d254188f55b776261979,
        type: 3}
      propertyPath: m_LocalRotation.z
      value: 0
      objectReference: {fileID: 0}
    - target: {fileID: 2958262882349681735, guid: 89b86546f790d254188f55b776261979,
        type: 3}
      propertyPath: m_LocalRotation.w
      value: 0.7071068
      objectReference: {fileID: 0}
    - target: {fileID: 2958262882349681735, guid: 89b86546f790d254188f55b776261979,
        type: 3}
      propertyPath: m_RootOrder
      value: 3
      objectReference: {fileID: 0}
    - target: {fileID: 2958262882349681735, guid: 89b86546f790d254188f55b776261979,
        type: 3}
      propertyPath: m_LocalEulerAnglesHint.x
      value: 0
      objectReference: {fileID: 0}
    - target: {fileID: 2958262882349681735, guid: 89b86546f790d254188f55b776261979,
        type: 3}
      propertyPath: m_LocalEulerAnglesHint.y
      value: 90
      objectReference: {fileID: 0}
    - target: {fileID: 2958262882349681735, guid: 89b86546f790d254188f55b776261979,
        type: 3}
      propertyPath: m_LocalEulerAnglesHint.z
      value: 0
      objectReference: {fileID: 0}
    m_RemovedComponents: []
  m_SourcePrefab: {fileID: 100100000, guid: 89b86546f790d254188f55b776261979, type: 3}
--- !u!4 &7343198075289684357 stripped
Transform:
  m_CorrespondingSourceObject: {fileID: 2958262882349681735, guid: 89b86546f790d254188f55b776261979,
    type: 3}
  m_PrefabInstance: {fileID: 5541006254175176130}
  m_PrefabAsset: {fileID: 0}
--- !u!1001 &7563065891772477140
PrefabInstance:
  m_ObjectHideFlags: 0
  serializedVersion: 2
  m_Modification:
    m_TransformParent: {fileID: 1334442807987052943}
    m_Modifications:
    - target: {fileID: 1772768240758363868, guid: 32e52d6e94967a94da883633e3e6c6f1,
        type: 3}
      propertyPath: m_LocalPosition.x
      value: 0
      objectReference: {fileID: 0}
    - target: {fileID: 1772768240758363868, guid: 32e52d6e94967a94da883633e3e6c6f1,
        type: 3}
      propertyPath: m_LocalPosition.y
      value: 1
      objectReference: {fileID: 0}
    - target: {fileID: 1772768240758363868, guid: 32e52d6e94967a94da883633e3e6c6f1,
        type: 3}
      propertyPath: m_LocalPosition.z
      value: -0.5
      objectReference: {fileID: 0}
    - target: {fileID: 1772768240758363868, guid: 32e52d6e94967a94da883633e3e6c6f1,
        type: 3}
      propertyPath: m_LocalRotation.x
      value: 0.35355338
      objectReference: {fileID: 0}
    - target: {fileID: 1772768240758363868, guid: 32e52d6e94967a94da883633e3e6c6f1,
        type: 3}
      propertyPath: m_LocalRotation.y
      value: 0.35355338
      objectReference: {fileID: 0}
    - target: {fileID: 1772768240758363868, guid: 32e52d6e94967a94da883633e3e6c6f1,
        type: 3}
      propertyPath: m_LocalRotation.z
      value: -0.1464466
      objectReference: {fileID: 0}
    - target: {fileID: 1772768240758363868, guid: 32e52d6e94967a94da883633e3e6c6f1,
        type: 3}
      propertyPath: m_LocalRotation.w
      value: 0.8535535
      objectReference: {fileID: 0}
    - target: {fileID: 1772768240758363868, guid: 32e52d6e94967a94da883633e3e6c6f1,
        type: 3}
      propertyPath: m_RootOrder
      value: 2
      objectReference: {fileID: 0}
    - target: {fileID: 1772768240758363868, guid: 32e52d6e94967a94da883633e3e6c6f1,
        type: 3}
      propertyPath: m_LocalEulerAnglesHint.x
      value: 45
      objectReference: {fileID: 0}
    - target: {fileID: 1772768240758363868, guid: 32e52d6e94967a94da883633e3e6c6f1,
        type: 3}
      propertyPath: m_LocalEulerAnglesHint.y
      value: 45
      objectReference: {fileID: 0}
    - target: {fileID: 1772768240758363868, guid: 32e52d6e94967a94da883633e3e6c6f1,
        type: 3}
      propertyPath: m_LocalEulerAnglesHint.z
      value: 0
      objectReference: {fileID: 0}
    - target: {fileID: 3369108731066967247, guid: 32e52d6e94967a94da883633e3e6c6f1,
        type: 3}
      propertyPath: m_Name
      value: ForestCrate
      objectReference: {fileID: 0}
    - target: {fileID: 3369108731066967247, guid: 32e52d6e94967a94da883633e3e6c6f1,
        type: 3}
      propertyPath: m_StaticEditorFlags
      value: 4294967295
      objectReference: {fileID: 0}
    - target: {fileID: 3369108731066967247, guid: 32e52d6e94967a94da883633e3e6c6f1,
        type: 3}
      propertyPath: m_Layer
      value: 12
      objectReference: {fileID: 0}
    m_RemovedComponents: []
  m_SourcePrefab: {fileID: 100100000, guid: 32e52d6e94967a94da883633e3e6c6f1, type: 3}
--- !u!4 &8101776757101148168 stripped
Transform:
  m_CorrespondingSourceObject: {fileID: 1772768240758363868, guid: 32e52d6e94967a94da883633e3e6c6f1,
    type: 3}
  m_PrefabInstance: {fileID: 7563065891772477140}
  m_PrefabAsset: {fileID: 0}
--- !u!1001 &9052352226801850168
PrefabInstance:
  m_ObjectHideFlags: 0
  serializedVersion: 2
  m_Modification:
    m_TransformParent: {fileID: 1334442807987052943}
    m_Modifications:
    - target: {fileID: 1962985775691508665, guid: 342be0144acc7c14f884bf4f07365f9c,
        type: 3}
      propertyPath: m_Name
      value: Grass004 (1)
      objectReference: {fileID: 0}
    - target: {fileID: 1962985775691508665, guid: 342be0144acc7c14f884bf4f07365f9c,
        type: 3}
      propertyPath: m_StaticEditorFlags
      value: 4294967295
      objectReference: {fileID: 0}
    - target: {fileID: 1962985775691508665, guid: 342be0144acc7c14f884bf4f07365f9c,
        type: 3}
      propertyPath: m_Layer
      value: 12
      objectReference: {fileID: 0}
    - target: {fileID: 3271501127797594538, guid: 342be0144acc7c14f884bf4f07365f9c,
        type: 3}
      propertyPath: m_LocalPosition.x
      value: -0.4
      objectReference: {fileID: 0}
    - target: {fileID: 3271501127797594538, guid: 342be0144acc7c14f884bf4f07365f9c,
        type: 3}
      propertyPath: m_LocalPosition.y
      value: 1.5
      objectReference: {fileID: 0}
    - target: {fileID: 3271501127797594538, guid: 342be0144acc7c14f884bf4f07365f9c,
        type: 3}
      propertyPath: m_LocalPosition.z
      value: -2.5
      objectReference: {fileID: 0}
    - target: {fileID: 3271501127797594538, guid: 342be0144acc7c14f884bf4f07365f9c,
        type: 3}
      propertyPath: m_LocalRotation.x
      value: 0
      objectReference: {fileID: 0}
    - target: {fileID: 3271501127797594538, guid: 342be0144acc7c14f884bf4f07365f9c,
        type: 3}
      propertyPath: m_LocalRotation.y
      value: -0.7071068
      objectReference: {fileID: 0}
    - target: {fileID: 3271501127797594538, guid: 342be0144acc7c14f884bf4f07365f9c,
        type: 3}
      propertyPath: m_LocalRotation.z
      value: 0
      objectReference: {fileID: 0}
    - target: {fileID: 3271501127797594538, guid: 342be0144acc7c14f884bf4f07365f9c,
        type: 3}
      propertyPath: m_LocalRotation.w
      value: 0.7071068
      objectReference: {fileID: 0}
    - target: {fileID: 3271501127797594538, guid: 342be0144acc7c14f884bf4f07365f9c,
        type: 3}
      propertyPath: m_RootOrder
      value: 6
      objectReference: {fileID: 0}
    - target: {fileID: 3271501127797594538, guid: 342be0144acc7c14f884bf4f07365f9c,
        type: 3}
      propertyPath: m_LocalEulerAnglesHint.x
      value: 0
      objectReference: {fileID: 0}
    - target: {fileID: 3271501127797594538, guid: 342be0144acc7c14f884bf4f07365f9c,
        type: 3}
      propertyPath: m_LocalEulerAnglesHint.y
      value: -90
      objectReference: {fileID: 0}
    - target: {fileID: 3271501127797594538, guid: 342be0144acc7c14f884bf4f07365f9c,
        type: 3}
      propertyPath: m_LocalEulerAnglesHint.z
      value: 0
      objectReference: {fileID: 0}
    m_RemovedComponents: []
  m_SourcePrefab: {fileID: 100100000, guid: 342be0144acc7c14f884bf4f07365f9c, type: 3}
--- !u!4 &5820584290300710546 stripped
Transform:
  m_CorrespondingSourceObject: {fileID: 3271501127797594538, guid: 342be0144acc7c14f884bf4f07365f9c,
    type: 3}
  m_PrefabInstance: {fileID: 9052352226801850168}
  m_PrefabAsset: {fileID: 0}
--- !u!1001 &9161128782564675600
PrefabInstance:
  m_ObjectHideFlags: 0
  serializedVersion: 2
  m_Modification:
    m_TransformParent: {fileID: 1334442807987052943}
    m_Modifications:
    - target: {fileID: -7935075792993774553, guid: 9536a3aa04ec8da49ace797ebf727195,
        type: 3}
      propertyPath: m_Materials.Array.data[0]
      value: 
      objectReference: {fileID: 2100000, guid: 31789bebb9af87f49807b60ecdbf60e4, type: 2}
    - target: {fileID: -7673792187200410691, guid: 9536a3aa04ec8da49ace797ebf727195,
        type: 3}
      propertyPath: m_Materials.Array.data[0]
      value: 
      objectReference: {fileID: 2100000, guid: 6c25719a3f353594d8984b59bf19f3d0, type: 2}
    - target: {fileID: -7593643323475520591, guid: 9536a3aa04ec8da49ace797ebf727195,
        type: 3}
      propertyPath: m_StaticEditorFlags
      value: 4294967295
      objectReference: {fileID: 0}
    - target: {fileID: -7593643323475520591, guid: 9536a3aa04ec8da49ace797ebf727195,
        type: 3}
      propertyPath: m_Layer
      value: 12
      objectReference: {fileID: 0}
    - target: {fileID: -6923018957988676847, guid: 9536a3aa04ec8da49ace797ebf727195,
        type: 3}
      propertyPath: m_Materials.Array.data[0]
      value: 
      objectReference: {fileID: 2100000, guid: 6c25719a3f353594d8984b59bf19f3d0, type: 2}
    - target: {fileID: -6334834794659899183, guid: 9536a3aa04ec8da49ace797ebf727195,
        type: 3}
      propertyPath: m_Materials.Array.data[0]
      value: 
      objectReference: {fileID: 2100000, guid: 6c25719a3f353594d8984b59bf19f3d0, type: 2}
    - target: {fileID: -4436380830453964644, guid: 9536a3aa04ec8da49ace797ebf727195,
        type: 3}
      propertyPath: m_Materials.Array.data[0]
      value: 
      objectReference: {fileID: 2100000, guid: 6c25719a3f353594d8984b59bf19f3d0, type: 2}
    - target: {fileID: -4216859302048453862, guid: 9536a3aa04ec8da49ace797ebf727195,
        type: 3}
      propertyPath: m_LocalPosition.x
      value: 0
      objectReference: {fileID: 0}
    - target: {fileID: -4216859302048453862, guid: 9536a3aa04ec8da49ace797ebf727195,
        type: 3}
      propertyPath: m_LocalPosition.y
      value: 0
      objectReference: {fileID: 0}
    - target: {fileID: -4216859302048453862, guid: 9536a3aa04ec8da49ace797ebf727195,
        type: 3}
      propertyPath: m_LocalPosition.z
      value: -2.5
      objectReference: {fileID: 0}
    - target: {fileID: -4216859302048453862, guid: 9536a3aa04ec8da49ace797ebf727195,
        type: 3}
      propertyPath: m_LocalRotation.x
      value: 0
      objectReference: {fileID: 0}
    - target: {fileID: -4216859302048453862, guid: 9536a3aa04ec8da49ace797ebf727195,
        type: 3}
      propertyPath: m_LocalRotation.y
      value: 0.7071068
      objectReference: {fileID: 0}
    - target: {fileID: -4216859302048453862, guid: 9536a3aa04ec8da49ace797ebf727195,
        type: 3}
      propertyPath: m_LocalRotation.z
      value: 0
      objectReference: {fileID: 0}
    - target: {fileID: -4216859302048453862, guid: 9536a3aa04ec8da49ace797ebf727195,
        type: 3}
      propertyPath: m_LocalRotation.w
      value: 0.7071068
      objectReference: {fileID: 0}
    - target: {fileID: -4216859302048453862, guid: 9536a3aa04ec8da49ace797ebf727195,
        type: 3}
      propertyPath: m_RootOrder
      value: 0
      objectReference: {fileID: 0}
    - target: {fileID: -4216859302048453862, guid: 9536a3aa04ec8da49ace797ebf727195,
        type: 3}
      propertyPath: m_LocalEulerAnglesHint.x
      value: 0
      objectReference: {fileID: 0}
    - target: {fileID: -4216859302048453862, guid: 9536a3aa04ec8da49ace797ebf727195,
        type: 3}
      propertyPath: m_LocalEulerAnglesHint.y
      value: 90
      objectReference: {fileID: 0}
    - target: {fileID: -4216859302048453862, guid: 9536a3aa04ec8da49ace797ebf727195,
        type: 3}
      propertyPath: m_LocalEulerAnglesHint.z
      value: 0
      objectReference: {fileID: 0}
    - target: {fileID: -3517492264407117962, guid: 9536a3aa04ec8da49ace797ebf727195,
        type: 3}
      propertyPath: m_Materials.Array.data[0]
      value: 
      objectReference: {fileID: 2100000, guid: 6c25719a3f353594d8984b59bf19f3d0, type: 2}
    - target: {fileID: -3247066349787815173, guid: 9536a3aa04ec8da49ace797ebf727195,
        type: 3}
      propertyPath: m_StaticEditorFlags
      value: 4294967295
      objectReference: {fileID: 0}
    - target: {fileID: -3247066349787815173, guid: 9536a3aa04ec8da49ace797ebf727195,
        type: 3}
      propertyPath: m_Layer
      value: 12
      objectReference: {fileID: 0}
    - target: {fileID: -2382018222327048960, guid: 9536a3aa04ec8da49ace797ebf727195,
        type: 3}
      propertyPath: m_Materials.Array.data[0]
      value: 
      objectReference: {fileID: 2100000, guid: 6c25719a3f353594d8984b59bf19f3d0, type: 2}
    - target: {fileID: -2051803512675218283, guid: 9536a3aa04ec8da49ace797ebf727195,
        type: 3}
      propertyPath: m_StaticEditorFlags
      value: 4294967295
      objectReference: {fileID: 0}
    - target: {fileID: -2051803512675218283, guid: 9536a3aa04ec8da49ace797ebf727195,
        type: 3}
      propertyPath: m_Layer
      value: 12
      objectReference: {fileID: 0}
    - target: {fileID: -1877796969297444443, guid: 9536a3aa04ec8da49ace797ebf727195,
        type: 3}
      propertyPath: m_Materials.Array.data[0]
      value: 
      objectReference: {fileID: 2100000, guid: 6c25719a3f353594d8984b59bf19f3d0, type: 2}
    - target: {fileID: -1450385985053774680, guid: 9536a3aa04ec8da49ace797ebf727195,
        type: 3}
      propertyPath: m_StaticEditorFlags
      value: 4294967295
      objectReference: {fileID: 0}
    - target: {fileID: -1450385985053774680, guid: 9536a3aa04ec8da49ace797ebf727195,
        type: 3}
      propertyPath: m_Layer
      value: 12
      objectReference: {fileID: 0}
    - target: {fileID: -927199367670048503, guid: 9536a3aa04ec8da49ace797ebf727195,
        type: 3}
      propertyPath: m_Name
      value: Wall005_Base (1)
      objectReference: {fileID: 0}
    - target: {fileID: -927199367670048503, guid: 9536a3aa04ec8da49ace797ebf727195,
        type: 3}
      propertyPath: m_StaticEditorFlags
      value: 4294967295
      objectReference: {fileID: 0}
    - target: {fileID: -927199367670048503, guid: 9536a3aa04ec8da49ace797ebf727195,
        type: 3}
      propertyPath: m_Layer
      value: 12
      objectReference: {fileID: 0}
    - target: {fileID: 195933787693215835, guid: 9536a3aa04ec8da49ace797ebf727195,
        type: 3}
      propertyPath: m_Materials.Array.data[0]
      value: 
      objectReference: {fileID: 2100000, guid: 6c25719a3f353594d8984b59bf19f3d0, type: 2}
    - target: {fileID: 1284505980758206098, guid: 9536a3aa04ec8da49ace797ebf727195,
        type: 3}
      propertyPath: m_StaticEditorFlags
      value: 4294967295
      objectReference: {fileID: 0}
    - target: {fileID: 1284505980758206098, guid: 9536a3aa04ec8da49ace797ebf727195,
        type: 3}
      propertyPath: m_Layer
      value: 12
      objectReference: {fileID: 0}
    - target: {fileID: 2258590911003170867, guid: 9536a3aa04ec8da49ace797ebf727195,
        type: 3}
      propertyPath: m_StaticEditorFlags
      value: 4294967295
      objectReference: {fileID: 0}
    - target: {fileID: 2258590911003170867, guid: 9536a3aa04ec8da49ace797ebf727195,
        type: 3}
      propertyPath: m_Layer
      value: 12
      objectReference: {fileID: 0}
    - target: {fileID: 2646471042862336688, guid: 9536a3aa04ec8da49ace797ebf727195,
        type: 3}
      propertyPath: m_Materials.Array.data[0]
      value: 
      objectReference: {fileID: 2100000, guid: 6c25719a3f353594d8984b59bf19f3d0, type: 2}
    - target: {fileID: 3327436659898973366, guid: 9536a3aa04ec8da49ace797ebf727195,
        type: 3}
      propertyPath: m_Materials.Array.data[0]
      value: 
      objectReference: {fileID: 2100000, guid: 6c25719a3f353594d8984b59bf19f3d0, type: 2}
    - target: {fileID: 6761043182238553719, guid: 9536a3aa04ec8da49ace797ebf727195,
        type: 3}
      propertyPath: m_StaticEditorFlags
      value: 4294967295
      objectReference: {fileID: 0}
    - target: {fileID: 6761043182238553719, guid: 9536a3aa04ec8da49ace797ebf727195,
        type: 3}
      propertyPath: m_Layer
      value: 12
      objectReference: {fileID: 0}
    - target: {fileID: 7589108849013360117, guid: 9536a3aa04ec8da49ace797ebf727195,
        type: 3}
      propertyPath: m_StaticEditorFlags
      value: 4294967295
      objectReference: {fileID: 0}
    - target: {fileID: 7589108849013360117, guid: 9536a3aa04ec8da49ace797ebf727195,
        type: 3}
      propertyPath: m_Layer
      value: 12
      objectReference: {fileID: 0}
    - target: {fileID: 8102826859962990709, guid: 9536a3aa04ec8da49ace797ebf727195,
        type: 3}
      propertyPath: m_StaticEditorFlags
      value: 4294967295
      objectReference: {fileID: 0}
    - target: {fileID: 8102826859962990709, guid: 9536a3aa04ec8da49ace797ebf727195,
        type: 3}
      propertyPath: m_Layer
      value: 12
      objectReference: {fileID: 0}
    - target: {fileID: 8200002038778173253, guid: 9536a3aa04ec8da49ace797ebf727195,
        type: 3}
      propertyPath: m_StaticEditorFlags
      value: 4294967295
      objectReference: {fileID: 0}
    - target: {fileID: 8200002038778173253, guid: 9536a3aa04ec8da49ace797ebf727195,
        type: 3}
      propertyPath: m_Layer
      value: 12
      objectReference: {fileID: 0}
    - target: {fileID: 8684523508889791220, guid: 9536a3aa04ec8da49ace797ebf727195,
        type: 3}
      propertyPath: m_StaticEditorFlags
      value: 4294967295
      objectReference: {fileID: 0}
    - target: {fileID: 8684523508889791220, guid: 9536a3aa04ec8da49ace797ebf727195,
        type: 3}
      propertyPath: m_Layer
      value: 12
      objectReference: {fileID: 0}
    m_RemovedComponents: []
  m_SourcePrefab: {fileID: 100100000, guid: 9536a3aa04ec8da49ace797ebf727195, type: 3}
--- !u!4 &4204227734735846154 stripped
Transform:
  m_CorrespondingSourceObject: {fileID: -4216859302048453862, guid: 9536a3aa04ec8da49ace797ebf727195,
    type: 3}
  m_PrefabInstance: {fileID: 9161128782564675600}
  m_PrefabAsset: {fileID: 0}
