%YAML 1.1
%TAG !u! tag:unity3d.com,2011:
--- !u!64 &2687242688333189398
MeshCollider:
  m_ObjectHideFlags: 0
  m_CorrespondingSourceObject: {fileID: 0}
  m_PrefabInstance: {fileID: 0}
  m_PrefabAsset: {fileID: 0}
  m_GameObject: {fileID: 923483450022225718}
  m_Material: {fileID: 0}
  m_IsTrigger: 0
  m_Enabled: 1
  serializedVersion: 4
  m_Convex: 0
  m_CookingOptions: 30
  m_Mesh: {fileID: 4342938727342155228, guid: cb5402bf6f4b6ee4a9b2379fda780bdb, type: 3}
--- !u!1 &1223793240137873848
GameObject:
  m_ObjectHideFlags: 0
  m_CorrespondingSourceObject: {fileID: 0}
  m_PrefabInstance: {fileID: 0}
  m_PrefabAsset: {fileID: 0}
  serializedVersion: 6
  m_Component:
  - component: {fileID: 3564727796248236194}
  - component: {fileID: 8508322387058819776}
  - component: {fileID: 8617089749182542187}
  - component: {fileID: 6875534813367711201}
  - component: {fileID: 7438325122780381700}
  - component: {fileID: 8814781947616939315}
  m_Layer: 0
  m_Name: ForestDoor_003
  m_TagString: Untagged
  m_Icon: {fileID: 0}
  m_NavMeshLayer: 0
  m_StaticEditorFlags: 4294967295
  m_IsActive: 1
--- !u!4 &3564727796248236194
Transform:
  m_ObjectHideFlags: 0
  m_CorrespondingSourceObject: {fileID: 0}
  m_PrefabInstance: {fileID: 0}
  m_PrefabAsset: {fileID: 0}
  m_GameObject: {fileID: 1223793240137873848}
  m_LocalRotation: {x: 0, y: 0, z: 0, w: 1}
  m_LocalPosition: {x: 0, y: 0, z: 0}
  m_LocalScale: {x: 1, y: 1, z: 1}
  m_Children:
  - {fileID: 4218613459011507493}
  - {fileID: 4218613458804642827}
  - {fileID: 8086912901899196755}
  - {fileID: 1152918091563616940}
  - {fileID: 5455341877683655568}
  - {fileID: 1817684377242264454}
  - {fileID: 283985647727888798}
  - {fileID: 3908093361832837382}
  - {fileID: 6656456059388105564}
  - {fileID: 1758272745367268389}
  - {fileID: 4283774625506075520}
  - {fileID: 4182533334695652200}
  m_Father: {fileID: 0}
  m_RootOrder: 0
  m_LocalEulerAnglesHint: {x: 0, y: 0, z: 0}
--- !u!114 &8508322387058819776
MonoBehaviour:
  m_ObjectHideFlags: 0
  m_CorrespondingSourceObject: {fileID: 0}
  m_PrefabInstance: {fileID: 0}
  m_PrefabAsset: {fileID: 0}
  m_GameObject: {fileID: 1223793240137873848}
  m_Enabled: 1
  m_EditorHideFlags: 0
  m_Script: {fileID: 11500000, guid: a5d4804571b80e1408b5444a9b2365c8, type: 3}
  m_Name: 
  m_EditorClassIdentifier: 
  TpPoint: {fileID: 6094478715628323149}
  DoorPosition: {fileID: 3564727796248236194}
  DoorReference: {fileID: 3450073889860882473}
  ParentRoom: {fileID: 0}
  marker: {fileID: 6875534813367711201}
--- !u!54 &8617089749182542187
Rigidbody:
  m_ObjectHideFlags: 0
  m_CorrespondingSourceObject: {fileID: 0}
  m_PrefabInstance: {fileID: 0}
  m_PrefabAsset: {fileID: 0}
  m_GameObject: {fileID: 1223793240137873848}
  serializedVersion: 2
  m_Mass: 0.0000001
  m_Drag: 0
  m_AngularDrag: 0
  m_UseGravity: 0
  m_IsKinematic: 1
  m_Interpolate: 0
  m_Constraints: 0
  m_CollisionDetection: 0
--- !u!114 &6875534813367711201
MonoBehaviour:
  m_ObjectHideFlags: 0
  m_CorrespondingSourceObject: {fileID: 0}
  m_PrefabInstance: {fileID: 0}
  m_PrefabAsset: {fileID: 0}
  m_GameObject: {fileID: 1223793240137873848}
  m_Enabled: 1
  m_EditorHideFlags: 0
  m_Script: {fileID: 11500000, guid: aee2c0cf12d10a24c98cf3a9be9d73c8, type: 3}
  m_Name: 
  m_EditorClassIdentifier: 
  x: 3
  y: 1
--- !u!65 &7438325122780381700
BoxCollider:
  m_ObjectHideFlags: 0
  m_CorrespondingSourceObject: {fileID: 0}
  m_PrefabInstance: {fileID: 0}
  m_PrefabAsset: {fileID: 0}
  m_GameObject: {fileID: 1223793240137873848}
  m_Material: {fileID: 0}
  m_IsTrigger: 0
  m_Enabled: 1
  serializedVersion: 2
  m_Size: {x: 0.5, y: 3, z: 3.5}
  m_Center: {x: 0, y: 1.5, z: -2.75}
--- !u!65 &8814781947616939315
BoxCollider:
  m_ObjectHideFlags: 0
  m_CorrespondingSourceObject: {fileID: 0}
  m_PrefabInstance: {fileID: 0}
  m_PrefabAsset: {fileID: 0}
  m_GameObject: {fileID: 1223793240137873848}
  m_Material: {fileID: 0}
  m_IsTrigger: 0
  m_Enabled: 1
  serializedVersion: 2
  m_Size: {x: 0.5, y: 3, z: 3.5}
  m_Center: {x: 0, y: 1.5, z: 2.75}
--- !u!1 &6094478715628323149
GameObject:
  m_ObjectHideFlags: 0
  m_CorrespondingSourceObject: {fileID: 0}
  m_PrefabInstance: {fileID: 0}
  m_PrefabAsset: {fileID: 0}
  serializedVersion: 6
  m_Component:
  - component: {fileID: 8086912901899196755}
  m_Layer: 0
  m_Name: TP point
  m_TagString: Untagged
  m_Icon: {fileID: -5397416234189338067, guid: 0000000000000000d000000000000000, type: 0}
  m_NavMeshLayer: 0
  m_StaticEditorFlags: 4294967295
  m_IsActive: 1
--- !u!4 &8086912901899196755
Transform:
  m_ObjectHideFlags: 0
  m_CorrespondingSourceObject: {fileID: 0}
  m_PrefabInstance: {fileID: 0}
  m_PrefabAsset: {fileID: 0}
  m_GameObject: {fileID: 6094478715628323149}
  m_LocalRotation: {x: -0, y: -0, z: -0, w: 1}
  m_LocalPosition: {x: -1.51, y: 0.19, z: 0.108}
  m_LocalScale: {x: 1, y: 1, z: 1}
  m_Children: []
  m_Father: {fileID: 3564727796248236194}
  m_RootOrder: 2
  m_LocalEulerAnglesHint: {x: 0, y: 0, z: 0}
--- !u!1001 &302220211844665182
PrefabInstance:
  m_ObjectHideFlags: 0
  serializedVersion: 2
  m_Modification:
    m_TransformParent: {fileID: 3564727796248236194}
    m_Modifications:
    - target: {fileID: 312644217824148555, guid: 482b2fa7698d5d641bbba396f7b2b160,
        type: 3}
      propertyPath: m_Name
      value: Grass002
      objectReference: {fileID: 0}
    - target: {fileID: 312644217824148555, guid: 482b2fa7698d5d641bbba396f7b2b160,
        type: 3}
      propertyPath: m_StaticEditorFlags
      value: 4294967295
      objectReference: {fileID: 0}
    - target: {fileID: 312644217824148555, guid: 482b2fa7698d5d641bbba396f7b2b160,
        type: 3}
      propertyPath: m_Layer
      value: 0
      objectReference: {fileID: 0}
    - target: {fileID: 3606791328730058328, guid: 482b2fa7698d5d641bbba396f7b2b160,
        type: 3}
      propertyPath: m_LocalPosition.x
      value: 0.4
      objectReference: {fileID: 0}
    - target: {fileID: 3606791328730058328, guid: 482b2fa7698d5d641bbba396f7b2b160,
        type: 3}
      propertyPath: m_LocalPosition.y
      value: 1.5
      objectReference: {fileID: 0}
    - target: {fileID: 3606791328730058328, guid: 482b2fa7698d5d641bbba396f7b2b160,
        type: 3}
      propertyPath: m_LocalPosition.z
      value: 3.5
      objectReference: {fileID: 0}
    - target: {fileID: 3606791328730058328, guid: 482b2fa7698d5d641bbba396f7b2b160,
        type: 3}
      propertyPath: m_LocalRotation.x
      value: 0
      objectReference: {fileID: 0}
    - target: {fileID: 3606791328730058328, guid: 482b2fa7698d5d641bbba396f7b2b160,
        type: 3}
      propertyPath: m_LocalRotation.y
      value: 0.7071068
      objectReference: {fileID: 0}
    - target: {fileID: 3606791328730058328, guid: 482b2fa7698d5d641bbba396f7b2b160,
        type: 3}
      propertyPath: m_LocalRotation.z
      value: 0
      objectReference: {fileID: 0}
    - target: {fileID: 3606791328730058328, guid: 482b2fa7698d5d641bbba396f7b2b160,
        type: 3}
      propertyPath: m_LocalRotation.w
      value: 0.7071068
      objectReference: {fileID: 0}
    - target: {fileID: 3606791328730058328, guid: 482b2fa7698d5d641bbba396f7b2b160,
        type: 3}
      propertyPath: m_RootOrder
      value: 7
      objectReference: {fileID: 0}
    - target: {fileID: 3606791328730058328, guid: 482b2fa7698d5d641bbba396f7b2b160,
        type: 3}
      propertyPath: m_LocalEulerAnglesHint.x
      value: 0
      objectReference: {fileID: 0}
    - target: {fileID: 3606791328730058328, guid: 482b2fa7698d5d641bbba396f7b2b160,
        type: 3}
      propertyPath: m_LocalEulerAnglesHint.y
      value: 90
      objectReference: {fileID: 0}
    - target: {fileID: 3606791328730058328, guid: 482b2fa7698d5d641bbba396f7b2b160,
        type: 3}
      propertyPath: m_LocalEulerAnglesHint.z
      value: 0
      objectReference: {fileID: 0}
    m_RemovedComponents: []
  m_SourcePrefab: {fileID: 100100000, guid: 482b2fa7698d5d641bbba396f7b2b160, type: 3}
--- !u!4 &3908093361832837382 stripped
Transform:
  m_CorrespondingSourceObject: {fileID: 3606791328730058328, guid: 482b2fa7698d5d641bbba396f7b2b160,
    type: 3}
  m_PrefabInstance: {fileID: 302220211844665182}
  m_PrefabAsset: {fileID: 0}
--- !u!1001 &578345809090290992
PrefabInstance:
  m_ObjectHideFlags: 0
  serializedVersion: 2
  m_Modification:
    m_TransformParent: {fileID: 3564727796248236194}
    m_Modifications:
    - target: {fileID: 312644217824148555, guid: 482b2fa7698d5d641bbba396f7b2b160,
        type: 3}
      propertyPath: m_Name
      value: Grass002 (1)
      objectReference: {fileID: 0}
    - target: {fileID: 312644217824148555, guid: 482b2fa7698d5d641bbba396f7b2b160,
        type: 3}
      propertyPath: m_StaticEditorFlags
      value: 4294967295
      objectReference: {fileID: 0}
    - target: {fileID: 312644217824148555, guid: 482b2fa7698d5d641bbba396f7b2b160,
        type: 3}
      propertyPath: m_Layer
      value: 0
      objectReference: {fileID: 0}
    - target: {fileID: 3606791328730058328, guid: 482b2fa7698d5d641bbba396f7b2b160,
        type: 3}
      propertyPath: m_LocalPosition.x
      value: -0.4
      objectReference: {fileID: 0}
    - target: {fileID: 3606791328730058328, guid: 482b2fa7698d5d641bbba396f7b2b160,
        type: 3}
      propertyPath: m_LocalPosition.y
      value: 1.5
      objectReference: {fileID: 0}
    - target: {fileID: 3606791328730058328, guid: 482b2fa7698d5d641bbba396f7b2b160,
        type: 3}
      propertyPath: m_LocalPosition.z
      value: 3.5
      objectReference: {fileID: 0}
    - target: {fileID: 3606791328730058328, guid: 482b2fa7698d5d641bbba396f7b2b160,
        type: 3}
      propertyPath: m_LocalRotation.x
      value: 0
      objectReference: {fileID: 0}
    - target: {fileID: 3606791328730058328, guid: 482b2fa7698d5d641bbba396f7b2b160,
        type: 3}
      propertyPath: m_LocalRotation.y
      value: -0.7071068
      objectReference: {fileID: 0}
    - target: {fileID: 3606791328730058328, guid: 482b2fa7698d5d641bbba396f7b2b160,
        type: 3}
      propertyPath: m_LocalRotation.z
      value: 0
      objectReference: {fileID: 0}
    - target: {fileID: 3606791328730058328, guid: 482b2fa7698d5d641bbba396f7b2b160,
        type: 3}
      propertyPath: m_LocalRotation.w
      value: 0.7071068
      objectReference: {fileID: 0}
    - target: {fileID: 3606791328730058328, guid: 482b2fa7698d5d641bbba396f7b2b160,
        type: 3}
      propertyPath: m_RootOrder
      value: 11
      objectReference: {fileID: 0}
    - target: {fileID: 3606791328730058328, guid: 482b2fa7698d5d641bbba396f7b2b160,
        type: 3}
      propertyPath: m_LocalEulerAnglesHint.x
      value: 0
      objectReference: {fileID: 0}
    - target: {fileID: 3606791328730058328, guid: 482b2fa7698d5d641bbba396f7b2b160,
        type: 3}
      propertyPath: m_LocalEulerAnglesHint.y
      value: -90
      objectReference: {fileID: 0}
    - target: {fileID: 3606791328730058328, guid: 482b2fa7698d5d641bbba396f7b2b160,
        type: 3}
      propertyPath: m_LocalEulerAnglesHint.z
      value: 0
      objectReference: {fileID: 0}
    m_RemovedComponents: []
  m_SourcePrefab: {fileID: 100100000, guid: 482b2fa7698d5d641bbba396f7b2b160, type: 3}
--- !u!4 &4182533334695652200 stripped
Transform:
  m_CorrespondingSourceObject: {fileID: 3606791328730058328, guid: 482b2fa7698d5d641bbba396f7b2b160,
    type: 3}
  m_PrefabInstance: {fileID: 578345809090290992}
  m_PrefabAsset: {fileID: 0}
--- !u!1001 &1352663119594722020
PrefabInstance:
  m_ObjectHideFlags: 0
  serializedVersion: 2
  m_Modification:
    m_TransformParent: {fileID: 3564727796248236194}
    m_Modifications:
    - target: {fileID: 1240025373804485498, guid: 5a57a4d8cfb1b2b478974829e54f1bb8,
        type: 3}
      propertyPath: m_LocalPosition.x
      value: 0.4
      objectReference: {fileID: 0}
    - target: {fileID: 1240025373804485498, guid: 5a57a4d8cfb1b2b478974829e54f1bb8,
        type: 3}
      propertyPath: m_LocalPosition.y
      value: 1
      objectReference: {fileID: 0}
    - target: {fileID: 1240025373804485498, guid: 5a57a4d8cfb1b2b478974829e54f1bb8,
        type: 3}
      propertyPath: m_LocalPosition.z
      value: 1.5
      objectReference: {fileID: 0}
    - target: {fileID: 1240025373804485498, guid: 5a57a4d8cfb1b2b478974829e54f1bb8,
        type: 3}
      propertyPath: m_LocalRotation.x
      value: 0
      objectReference: {fileID: 0}
    - target: {fileID: 1240025373804485498, guid: 5a57a4d8cfb1b2b478974829e54f1bb8,
        type: 3}
      propertyPath: m_LocalRotation.y
      value: 0.7071068
      objectReference: {fileID: 0}
    - target: {fileID: 1240025373804485498, guid: 5a57a4d8cfb1b2b478974829e54f1bb8,
        type: 3}
      propertyPath: m_LocalRotation.z
      value: 0
      objectReference: {fileID: 0}
    - target: {fileID: 1240025373804485498, guid: 5a57a4d8cfb1b2b478974829e54f1bb8,
        type: 3}
      propertyPath: m_LocalRotation.w
      value: 0.7071068
      objectReference: {fileID: 0}
    - target: {fileID: 1240025373804485498, guid: 5a57a4d8cfb1b2b478974829e54f1bb8,
        type: 3}
      propertyPath: m_RootOrder
      value: 6
      objectReference: {fileID: 0}
    - target: {fileID: 1240025373804485498, guid: 5a57a4d8cfb1b2b478974829e54f1bb8,
        type: 3}
      propertyPath: m_LocalEulerAnglesHint.x
      value: 0
      objectReference: {fileID: 0}
    - target: {fileID: 1240025373804485498, guid: 5a57a4d8cfb1b2b478974829e54f1bb8,
        type: 3}
      propertyPath: m_LocalEulerAnglesHint.y
      value: 90
      objectReference: {fileID: 0}
    - target: {fileID: 1240025373804485498, guid: 5a57a4d8cfb1b2b478974829e54f1bb8,
        type: 3}
      propertyPath: m_LocalEulerAnglesHint.z
      value: 0
      objectReference: {fileID: 0}
    - target: {fileID: 1240025373804485498, guid: 5a57a4d8cfb1b2b478974829e54f1bb8,
        type: 3}
      propertyPath: m_LocalScale.x
      value: 0.5
      objectReference: {fileID: 0}
    - target: {fileID: 1240025373804485498, guid: 5a57a4d8cfb1b2b478974829e54f1bb8,
        type: 3}
      propertyPath: m_LocalScale.y
      value: 0.5
      objectReference: {fileID: 0}
    - target: {fileID: 2841258275217910121, guid: 5a57a4d8cfb1b2b478974829e54f1bb8,
        type: 3}
      propertyPath: m_Name
      value: Vines001
      objectReference: {fileID: 0}
    - target: {fileID: 2841258275217910121, guid: 5a57a4d8cfb1b2b478974829e54f1bb8,
        type: 3}
      propertyPath: m_StaticEditorFlags
      value: 4294967295
      objectReference: {fileID: 0}
    - target: {fileID: 2841258275217910121, guid: 5a57a4d8cfb1b2b478974829e54f1bb8,
        type: 3}
      propertyPath: m_Layer
      value: 0
      objectReference: {fileID: 0}
    m_RemovedComponents: []
  m_SourcePrefab: {fileID: 100100000, guid: 5a57a4d8cfb1b2b478974829e54f1bb8, type: 3}
--- !u!4 &283985647727888798 stripped
Transform:
  m_CorrespondingSourceObject: {fileID: 1240025373804485498, guid: 5a57a4d8cfb1b2b478974829e54f1bb8,
    type: 3}
  m_PrefabInstance: {fileID: 1352663119594722020}
  m_PrefabAsset: {fileID: 0}
--- !u!1001 &3046248447402932474
PrefabInstance:
  m_ObjectHideFlags: 0
  serializedVersion: 2
  m_Modification:
    m_TransformParent: {fileID: 3564727796248236194}
    m_Modifications:
    - target: {fileID: 1240025373804485498, guid: 5a57a4d8cfb1b2b478974829e54f1bb8,
        type: 3}
      propertyPath: m_LocalPosition.x
      value: -0.4
      objectReference: {fileID: 0}
    - target: {fileID: 1240025373804485498, guid: 5a57a4d8cfb1b2b478974829e54f1bb8,
        type: 3}
      propertyPath: m_LocalPosition.y
      value: 1
      objectReference: {fileID: 0}
    - target: {fileID: 1240025373804485498, guid: 5a57a4d8cfb1b2b478974829e54f1bb8,
        type: 3}
      propertyPath: m_LocalPosition.z
      value: 1.5
      objectReference: {fileID: 0}
    - target: {fileID: 1240025373804485498, guid: 5a57a4d8cfb1b2b478974829e54f1bb8,
        type: 3}
      propertyPath: m_LocalRotation.x
      value: 0
      objectReference: {fileID: 0}
    - target: {fileID: 1240025373804485498, guid: 5a57a4d8cfb1b2b478974829e54f1bb8,
        type: 3}
      propertyPath: m_LocalRotation.y
      value: -0.7071068
      objectReference: {fileID: 0}
    - target: {fileID: 1240025373804485498, guid: 5a57a4d8cfb1b2b478974829e54f1bb8,
        type: 3}
      propertyPath: m_LocalRotation.z
      value: 0
      objectReference: {fileID: 0}
    - target: {fileID: 1240025373804485498, guid: 5a57a4d8cfb1b2b478974829e54f1bb8,
        type: 3}
      propertyPath: m_LocalRotation.w
      value: 0.7071068
      objectReference: {fileID: 0}
    - target: {fileID: 1240025373804485498, guid: 5a57a4d8cfb1b2b478974829e54f1bb8,
        type: 3}
      propertyPath: m_RootOrder
      value: 10
      objectReference: {fileID: 0}
    - target: {fileID: 1240025373804485498, guid: 5a57a4d8cfb1b2b478974829e54f1bb8,
        type: 3}
      propertyPath: m_LocalEulerAnglesHint.x
      value: 0
      objectReference: {fileID: 0}
    - target: {fileID: 1240025373804485498, guid: 5a57a4d8cfb1b2b478974829e54f1bb8,
        type: 3}
      propertyPath: m_LocalEulerAnglesHint.y
      value: -90
      objectReference: {fileID: 0}
    - target: {fileID: 1240025373804485498, guid: 5a57a4d8cfb1b2b478974829e54f1bb8,
        type: 3}
      propertyPath: m_LocalEulerAnglesHint.z
      value: 0
      objectReference: {fileID: 0}
    - target: {fileID: 1240025373804485498, guid: 5a57a4d8cfb1b2b478974829e54f1bb8,
        type: 3}
      propertyPath: m_LocalScale.x
      value: 0.5
      objectReference: {fileID: 0}
    - target: {fileID: 1240025373804485498, guid: 5a57a4d8cfb1b2b478974829e54f1bb8,
        type: 3}
      propertyPath: m_LocalScale.y
      value: 0.5
      objectReference: {fileID: 0}
    - target: {fileID: 2841258275217910121, guid: 5a57a4d8cfb1b2b478974829e54f1bb8,
        type: 3}
      propertyPath: m_Name
      value: Vines001 (1)
      objectReference: {fileID: 0}
    - target: {fileID: 2841258275217910121, guid: 5a57a4d8cfb1b2b478974829e54f1bb8,
        type: 3}
      propertyPath: m_StaticEditorFlags
      value: 4294967295
      objectReference: {fileID: 0}
    - target: {fileID: 2841258275217910121, guid: 5a57a4d8cfb1b2b478974829e54f1bb8,
        type: 3}
      propertyPath: m_Layer
      value: 0
      objectReference: {fileID: 0}
    m_RemovedComponents: []
  m_SourcePrefab: {fileID: 100100000, guid: 5a57a4d8cfb1b2b478974829e54f1bb8, type: 3}
--- !u!4 &4283774625506075520 stripped
Transform:
  m_CorrespondingSourceObject: {fileID: 1240025373804485498, guid: 5a57a4d8cfb1b2b478974829e54f1bb8,
    type: 3}
  m_PrefabInstance: {fileID: 3046248447402932474}
  m_PrefabAsset: {fileID: 0}
--- !u!1001 &3773738031314844204
PrefabInstance:
  m_ObjectHideFlags: 0
  serializedVersion: 2
  m_Modification:
    m_TransformParent: {fileID: 3564727796248236194}
    m_Modifications:
    - target: {fileID: 1962985775691508665, guid: 342be0144acc7c14f884bf4f07365f9c,
        type: 3}
      propertyPath: m_Name
      value: Grass004
      objectReference: {fileID: 0}
    - target: {fileID: 1962985775691508665, guid: 342be0144acc7c14f884bf4f07365f9c,
        type: 3}
      propertyPath: m_StaticEditorFlags
      value: 4294967295
      objectReference: {fileID: 0}
    - target: {fileID: 1962985775691508665, guid: 342be0144acc7c14f884bf4f07365f9c,
        type: 3}
      propertyPath: m_Layer
      value: 0
      objectReference: {fileID: 0}
    - target: {fileID: 3271501127797594538, guid: 342be0144acc7c14f884bf4f07365f9c,
        type: 3}
      propertyPath: m_LocalPosition.x
      value: 0.4
      objectReference: {fileID: 0}
    - target: {fileID: 3271501127797594538, guid: 342be0144acc7c14f884bf4f07365f9c,
        type: 3}
      propertyPath: m_LocalPosition.y
      value: 1.5
      objectReference: {fileID: 0}
    - target: {fileID: 3271501127797594538, guid: 342be0144acc7c14f884bf4f07365f9c,
        type: 3}
      propertyPath: m_LocalPosition.z
      value: -2
      objectReference: {fileID: 0}
    - target: {fileID: 3271501127797594538, guid: 342be0144acc7c14f884bf4f07365f9c,
        type: 3}
      propertyPath: m_LocalRotation.x
      value: 0
      objectReference: {fileID: 0}
    - target: {fileID: 3271501127797594538, guid: 342be0144acc7c14f884bf4f07365f9c,
        type: 3}
      propertyPath: m_LocalRotation.y
      value: 0.7071068
      objectReference: {fileID: 0}
    - target: {fileID: 3271501127797594538, guid: 342be0144acc7c14f884bf4f07365f9c,
        type: 3}
      propertyPath: m_LocalRotation.z
      value: 0
      objectReference: {fileID: 0}
    - target: {fileID: 3271501127797594538, guid: 342be0144acc7c14f884bf4f07365f9c,
        type: 3}
      propertyPath: m_LocalRotation.w
      value: 0.7071068
      objectReference: {fileID: 0}
    - target: {fileID: 3271501127797594538, guid: 342be0144acc7c14f884bf4f07365f9c,
        type: 3}
      propertyPath: m_RootOrder
      value: 5
      objectReference: {fileID: 0}
    - target: {fileID: 3271501127797594538, guid: 342be0144acc7c14f884bf4f07365f9c,
        type: 3}
      propertyPath: m_LocalEulerAnglesHint.x
      value: 0
      objectReference: {fileID: 0}
    - target: {fileID: 3271501127797594538, guid: 342be0144acc7c14f884bf4f07365f9c,
        type: 3}
      propertyPath: m_LocalEulerAnglesHint.y
      value: 90
      objectReference: {fileID: 0}
    - target: {fileID: 3271501127797594538, guid: 342be0144acc7c14f884bf4f07365f9c,
        type: 3}
      propertyPath: m_LocalEulerAnglesHint.z
      value: 0
      objectReference: {fileID: 0}
    m_RemovedComponents: []
  m_SourcePrefab: {fileID: 100100000, guid: 342be0144acc7c14f884bf4f07365f9c, type: 3}
--- !u!4 &1817684377242264454 stripped
Transform:
  m_CorrespondingSourceObject: {fileID: 3271501127797594538, guid: 342be0144acc7c14f884bf4f07365f9c,
    type: 3}
  m_PrefabInstance: {fileID: 3773738031314844204}
  m_PrefabAsset: {fileID: 0}
--- !u!1001 &3819078109017650575
PrefabInstance:
  m_ObjectHideFlags: 0
  serializedVersion: 2
  m_Modification:
    m_TransformParent: {fileID: 3564727796248236194}
    m_Modifications:
    - target: {fileID: 1962985775691508665, guid: 342be0144acc7c14f884bf4f07365f9c,
        type: 3}
      propertyPath: m_Name
      value: Grass004 (1)
      objectReference: {fileID: 0}
    - target: {fileID: 1962985775691508665, guid: 342be0144acc7c14f884bf4f07365f9c,
        type: 3}
      propertyPath: m_StaticEditorFlags
      value: 4294967295
      objectReference: {fileID: 0}
    - target: {fileID: 1962985775691508665, guid: 342be0144acc7c14f884bf4f07365f9c,
        type: 3}
      propertyPath: m_Layer
      value: 0
      objectReference: {fileID: 0}
    - target: {fileID: 3271501127797594538, guid: 342be0144acc7c14f884bf4f07365f9c,
        type: 3}
      propertyPath: m_LocalPosition.x
      value: -0.4
      objectReference: {fileID: 0}
    - target: {fileID: 3271501127797594538, guid: 342be0144acc7c14f884bf4f07365f9c,
        type: 3}
      propertyPath: m_LocalPosition.y
      value: 1.5
      objectReference: {fileID: 0}
    - target: {fileID: 3271501127797594538, guid: 342be0144acc7c14f884bf4f07365f9c,
        type: 3}
      propertyPath: m_LocalPosition.z
      value: -2
      objectReference: {fileID: 0}
    - target: {fileID: 3271501127797594538, guid: 342be0144acc7c14f884bf4f07365f9c,
        type: 3}
      propertyPath: m_LocalRotation.x
      value: 0
      objectReference: {fileID: 0}
    - target: {fileID: 3271501127797594538, guid: 342be0144acc7c14f884bf4f07365f9c,
        type: 3}
      propertyPath: m_LocalRotation.y
      value: -0.7071068
      objectReference: {fileID: 0}
    - target: {fileID: 3271501127797594538, guid: 342be0144acc7c14f884bf4f07365f9c,
        type: 3}
      propertyPath: m_LocalRotation.z
      value: 0
      objectReference: {fileID: 0}
    - target: {fileID: 3271501127797594538, guid: 342be0144acc7c14f884bf4f07365f9c,
        type: 3}
      propertyPath: m_LocalRotation.w
      value: 0.7071068
      objectReference: {fileID: 0}
    - target: {fileID: 3271501127797594538, guid: 342be0144acc7c14f884bf4f07365f9c,
        type: 3}
      propertyPath: m_RootOrder
      value: 9
      objectReference: {fileID: 0}
    - target: {fileID: 3271501127797594538, guid: 342be0144acc7c14f884bf4f07365f9c,
        type: 3}
      propertyPath: m_LocalEulerAnglesHint.x
      value: 0
      objectReference: {fileID: 0}
    - target: {fileID: 3271501127797594538, guid: 342be0144acc7c14f884bf4f07365f9c,
        type: 3}
      propertyPath: m_LocalEulerAnglesHint.y
      value: -90
      objectReference: {fileID: 0}
    - target: {fileID: 3271501127797594538, guid: 342be0144acc7c14f884bf4f07365f9c,
        type: 3}
      propertyPath: m_LocalEulerAnglesHint.z
      value: 0
      objectReference: {fileID: 0}
    m_RemovedComponents: []
  m_SourcePrefab: {fileID: 100100000, guid: 342be0144acc7c14f884bf4f07365f9c, type: 3}
--- !u!4 &1758272745367268389 stripped
Transform:
  m_CorrespondingSourceObject: {fileID: 3271501127797594538, guid: 342be0144acc7c14f884bf4f07365f9c,
    type: 3}
  m_PrefabInstance: {fileID: 3819078109017650575}
  m_PrefabAsset: {fileID: 0}
--- !u!1001 &4861287421191025477
PrefabInstance:
  m_ObjectHideFlags: 0
  serializedVersion: 2
  m_Modification:
    m_TransformParent: {fileID: 3564727796248236194}
    m_Modifications:
    - target: {fileID: 5515009321516087785, guid: c7d1017d00073b44ba692c236509a2d5,
        type: 3}
      propertyPath: m_LocalPosition.x
      value: 0
      objectReference: {fileID: 0}
    - target: {fileID: 5515009321516087785, guid: c7d1017d00073b44ba692c236509a2d5,
        type: 3}
      propertyPath: m_LocalPosition.y
      value: 0
      objectReference: {fileID: 0}
    - target: {fileID: 5515009321516087785, guid: c7d1017d00073b44ba692c236509a2d5,
        type: 3}
      propertyPath: m_LocalPosition.z
      value: 0
      objectReference: {fileID: 0}
    - target: {fileID: 5515009321516087785, guid: c7d1017d00073b44ba692c236509a2d5,
        type: 3}
      propertyPath: m_LocalRotation.x
      value: -0.5
      objectReference: {fileID: 0}
    - target: {fileID: 5515009321516087785, guid: c7d1017d00073b44ba692c236509a2d5,
        type: 3}
      propertyPath: m_LocalRotation.y
      value: -0.5
      objectReference: {fileID: 0}
    - target: {fileID: 5515009321516087785, guid: c7d1017d00073b44ba692c236509a2d5,
        type: 3}
      propertyPath: m_LocalRotation.z
      value: -0.5
      objectReference: {fileID: 0}
    - target: {fileID: 5515009321516087785, guid: c7d1017d00073b44ba692c236509a2d5,
        type: 3}
      propertyPath: m_LocalRotation.w
      value: 0.5
      objectReference: {fileID: 0}
    - target: {fileID: 5515009321516087785, guid: c7d1017d00073b44ba692c236509a2d5,
        type: 3}
      propertyPath: m_RootOrder
      value: 3
      objectReference: {fileID: 0}
    - target: {fileID: 5515009321516087785, guid: c7d1017d00073b44ba692c236509a2d5,
        type: 3}
      propertyPath: m_LocalEulerAnglesHint.x
      value: -90.00001
      objectReference: {fileID: 0}
    - target: {fileID: 5515009321516087785, guid: c7d1017d00073b44ba692c236509a2d5,
        type: 3}
      propertyPath: m_LocalEulerAnglesHint.y
      value: -90
      objectReference: {fileID: 0}
    - target: {fileID: 5515009321516087785, guid: c7d1017d00073b44ba692c236509a2d5,
        type: 3}
      propertyPath: m_LocalEulerAnglesHint.z
      value: 0
      objectReference: {fileID: 0}
    - target: {fileID: 6106656729290570438, guid: c7d1017d00073b44ba692c236509a2d5,
        type: 3}
      propertyPath: m_Enabled
      value: 1
      objectReference: {fileID: 0}
    - target: {fileID: 7128828870050709286, guid: c7d1017d00073b44ba692c236509a2d5,
        type: 3}
      propertyPath: m_Enabled
      value: 0
      objectReference: {fileID: 0}
    - target: {fileID: 8850248483793914874, guid: c7d1017d00073b44ba692c236509a2d5,
        type: 3}
      propertyPath: m_Name
      value: ForestDoorBarrier
      objectReference: {fileID: 0}
    - target: {fileID: 8850248483793914874, guid: c7d1017d00073b44ba692c236509a2d5,
        type: 3}
      propertyPath: m_IsActive
      value: 1
      objectReference: {fileID: 0}
    - target: {fileID: 8850248483793914874, guid: c7d1017d00073b44ba692c236509a2d5,
        type: 3}
      propertyPath: m_StaticEditorFlags
      value: 4294967295
      objectReference: {fileID: 0}
    - target: {fileID: 8850248483793914874, guid: c7d1017d00073b44ba692c236509a2d5,
        type: 3}
      propertyPath: m_Layer
      value: 0
      objectReference: {fileID: 0}
    m_RemovedComponents: []
  m_SourcePrefab: {fileID: 100100000, guid: c7d1017d00073b44ba692c236509a2d5, type: 3}
--- !u!4 &1152918091563616940 stripped
Transform:
  m_CorrespondingSourceObject: {fileID: 5515009321516087785, guid: c7d1017d00073b44ba692c236509a2d5,
    type: 3}
  m_PrefabInstance: {fileID: 4861287421191025477}
  m_PrefabAsset: {fileID: 0}
--- !u!114 &3450073889860882473 stripped
MonoBehaviour:
  m_CorrespondingSourceObject: {fileID: 7824965642773619564, guid: c7d1017d00073b44ba692c236509a2d5,
    type: 3}
  m_PrefabInstance: {fileID: 4861287421191025477}
  m_PrefabAsset: {fileID: 0}
  m_GameObject: {fileID: 0}
  m_Enabled: 1
  m_EditorHideFlags: 0
  m_Script: {fileID: 11500000, guid: a725bf3dcc31a3645955745fe7e098b9, type: 3}
  m_Name: 
  m_EditorClassIdentifier: 
--- !u!1001 &5509561437470945207
PrefabInstance:
  m_ObjectHideFlags: 0
  serializedVersion: 2
  m_Modification:
    m_TransformParent: {fileID: 3564727796248236194}
    m_Modifications:
    - target: {fileID: 1159007763149782251, guid: 1e1d00a5ab510824694e923a3ddc42fb,
        type: 3}
      propertyPath: m_LocalPosition.x
      value: -0.4
      objectReference: {fileID: 0}
    - target: {fileID: 1159007763149782251, guid: 1e1d00a5ab510824694e923a3ddc42fb,
        type: 3}
      propertyPath: m_LocalPosition.y
      value: 0
      objectReference: {fileID: 0}
    - target: {fileID: 1159007763149782251, guid: 1e1d00a5ab510824694e923a3ddc42fb,
        type: 3}
      propertyPath: m_LocalPosition.z
      value: -4
      objectReference: {fileID: 0}
    - target: {fileID: 1159007763149782251, guid: 1e1d00a5ab510824694e923a3ddc42fb,
        type: 3}
      propertyPath: m_LocalRotation.x
      value: -0.5
      objectReference: {fileID: 0}
    - target: {fileID: 1159007763149782251, guid: 1e1d00a5ab510824694e923a3ddc42fb,
        type: 3}
      propertyPath: m_LocalRotation.y
      value: 0.5
      objectReference: {fileID: 0}
    - target: {fileID: 1159007763149782251, guid: 1e1d00a5ab510824694e923a3ddc42fb,
        type: 3}
      propertyPath: m_LocalRotation.z
      value: 0.5
      objectReference: {fileID: 0}
    - target: {fileID: 1159007763149782251, guid: 1e1d00a5ab510824694e923a3ddc42fb,
        type: 3}
      propertyPath: m_LocalRotation.w
      value: 0.5
      objectReference: {fileID: 0}
    - target: {fileID: 1159007763149782251, guid: 1e1d00a5ab510824694e923a3ddc42fb,
        type: 3}
      propertyPath: m_RootOrder
      value: 8
      objectReference: {fileID: 0}
    - target: {fileID: 1159007763149782251, guid: 1e1d00a5ab510824694e923a3ddc42fb,
        type: 3}
      propertyPath: m_LocalEulerAnglesHint.x
      value: -90.00001
      objectReference: {fileID: 0}
    - target: {fileID: 1159007763149782251, guid: 1e1d00a5ab510824694e923a3ddc42fb,
        type: 3}
      propertyPath: m_LocalEulerAnglesHint.y
      value: 90
      objectReference: {fileID: 0}
    - target: {fileID: 1159007763149782251, guid: 1e1d00a5ab510824694e923a3ddc42fb,
        type: 3}
      propertyPath: m_LocalEulerAnglesHint.z
      value: 0
      objectReference: {fileID: 0}
    - target: {fileID: 2760362096173551352, guid: 1e1d00a5ab510824694e923a3ddc42fb,
        type: 3}
      propertyPath: m_Name
      value: ForestRoot (1)
      objectReference: {fileID: 0}
    - target: {fileID: 2760362096173551352, guid: 1e1d00a5ab510824694e923a3ddc42fb,
        type: 3}
      propertyPath: m_StaticEditorFlags
      value: 4294967295
      objectReference: {fileID: 0}
    - target: {fileID: 2760362096173551352, guid: 1e1d00a5ab510824694e923a3ddc42fb,
        type: 3}
      propertyPath: m_Layer
      value: 0
      objectReference: {fileID: 0}
    m_RemovedComponents: []
  m_SourcePrefab: {fileID: 100100000, guid: 1e1d00a5ab510824694e923a3ddc42fb, type: 3}
--- !u!4 &6656456059388105564 stripped
Transform:
  m_CorrespondingSourceObject: {fileID: 1159007763149782251, guid: 1e1d00a5ab510824694e923a3ddc42fb,
    type: 3}
  m_PrefabInstance: {fileID: 5509561437470945207}
  m_PrefabAsset: {fileID: 0}
--- !u!1001 &6602518825048207227
PrefabInstance:
  m_ObjectHideFlags: 0
  serializedVersion: 2
  m_Modification:
    m_TransformParent: {fileID: 3564727796248236194}
    m_Modifications:
    - target: {fileID: 1159007763149782251, guid: 1e1d00a5ab510824694e923a3ddc42fb,
        type: 3}
      propertyPath: m_LocalPosition.x
      value: 0.4
      objectReference: {fileID: 0}
    - target: {fileID: 1159007763149782251, guid: 1e1d00a5ab510824694e923a3ddc42fb,
        type: 3}
      propertyPath: m_LocalPosition.y
      value: -0
      objectReference: {fileID: 0}
    - target: {fileID: 1159007763149782251, guid: 1e1d00a5ab510824694e923a3ddc42fb,
        type: 3}
      propertyPath: m_LocalPosition.z
      value: -4
      objectReference: {fileID: 0}
    - target: {fileID: 1159007763149782251, guid: 1e1d00a5ab510824694e923a3ddc42fb,
        type: 3}
      propertyPath: m_LocalRotation.x
      value: -0.5
      objectReference: {fileID: 0}
    - target: {fileID: 1159007763149782251, guid: 1e1d00a5ab510824694e923a3ddc42fb,
        type: 3}
      propertyPath: m_LocalRotation.y
      value: 0.5
      objectReference: {fileID: 0}
    - target: {fileID: 1159007763149782251, guid: 1e1d00a5ab510824694e923a3ddc42fb,
        type: 3}
      propertyPath: m_LocalRotation.z
      value: 0.5
      objectReference: {fileID: 0}
    - target: {fileID: 1159007763149782251, guid: 1e1d00a5ab510824694e923a3ddc42fb,
        type: 3}
      propertyPath: m_LocalRotation.w
      value: 0.5
      objectReference: {fileID: 0}
    - target: {fileID: 1159007763149782251, guid: 1e1d00a5ab510824694e923a3ddc42fb,
        type: 3}
      propertyPath: m_RootOrder
      value: 4
      objectReference: {fileID: 0}
    - target: {fileID: 1159007763149782251, guid: 1e1d00a5ab510824694e923a3ddc42fb,
        type: 3}
      propertyPath: m_LocalEulerAnglesHint.x
      value: -90.00001
      objectReference: {fileID: 0}
    - target: {fileID: 1159007763149782251, guid: 1e1d00a5ab510824694e923a3ddc42fb,
        type: 3}
      propertyPath: m_LocalEulerAnglesHint.y
      value: 90
      objectReference: {fileID: 0}
    - target: {fileID: 1159007763149782251, guid: 1e1d00a5ab510824694e923a3ddc42fb,
        type: 3}
      propertyPath: m_LocalEulerAnglesHint.z
      value: 0
      objectReference: {fileID: 0}
    - target: {fileID: 2760362096173551352, guid: 1e1d00a5ab510824694e923a3ddc42fb,
        type: 3}
      propertyPath: m_Name
      value: ForestRoot
      objectReference: {fileID: 0}
    - target: {fileID: 2760362096173551352, guid: 1e1d00a5ab510824694e923a3ddc42fb,
        type: 3}
      propertyPath: m_StaticEditorFlags
      value: 4294967295
      objectReference: {fileID: 0}
    - target: {fileID: 2760362096173551352, guid: 1e1d00a5ab510824694e923a3ddc42fb,
        type: 3}
      propertyPath: m_Layer
      value: 0
      objectReference: {fileID: 0}
    m_RemovedComponents: []
  m_SourcePrefab: {fileID: 100100000, guid: 1e1d00a5ab510824694e923a3ddc42fb, type: 3}
--- !u!4 &5455341877683655568 stripped
Transform:
  m_CorrespondingSourceObject: {fileID: 1159007763149782251, guid: 1e1d00a5ab510824694e923a3ddc42fb,
    type: 3}
  m_PrefabInstance: {fileID: 6602518825048207227}
  m_PrefabAsset: {fileID: 0}
--- !u!1001 &9219205267640696593
PrefabInstance:
  m_ObjectHideFlags: 0
  serializedVersion: 2
  m_Modification:
    m_TransformParent: {fileID: 3564727796248236194}
    m_Modifications:
    - target: {fileID: -8606349420546713180, guid: ce33504078112854194ad461a66f97ce,
        type: 3}
      propertyPath: m_StaticEditorFlags
      value: 4294967295
      objectReference: {fileID: 0}
    - target: {fileID: -8606349420546713180, guid: ce33504078112854194ad461a66f97ce,
        type: 3}
      propertyPath: m_Layer
      value: 0
      objectReference: {fileID: 0}
    - target: {fileID: -8132162352632596056, guid: ce33504078112854194ad461a66f97ce,
        type: 3}
      propertyPath: m_StaticEditorFlags
      value: 4294967295
      objectReference: {fileID: 0}
    - target: {fileID: -8132162352632596056, guid: ce33504078112854194ad461a66f97ce,
        type: 3}
      propertyPath: m_Layer
      value: 0
      objectReference: {fileID: 0}
    - target: {fileID: -7249641425258489856, guid: ce33504078112854194ad461a66f97ce,
        type: 3}
      propertyPath: m_Materials.Array.data[0]
      value: 
      objectReference: {fileID: 2100000, guid: 6c25719a3f353594d8984b59bf19f3d0, type: 2}
    - target: {fileID: -6817470076636251157, guid: ce33504078112854194ad461a66f97ce,
        type: 3}
      propertyPath: m_StaticEditorFlags
      value: 4294967295
      objectReference: {fileID: 0}
    - target: {fileID: -6817470076636251157, guid: ce33504078112854194ad461a66f97ce,
        type: 3}
      propertyPath: m_Layer
      value: 0
      objectReference: {fileID: 0}
    - target: {fileID: -5305041326234412129, guid: ce33504078112854194ad461a66f97ce,
        type: 3}
      propertyPath: m_Materials.Array.data[0]
      value: 
      objectReference: {fileID: 2100000, guid: 6c25719a3f353594d8984b59bf19f3d0, type: 2}
    - target: {fileID: -4485853429664199194, guid: ce33504078112854194ad461a66f97ce,
        type: 3}
      propertyPath: m_Materials.Array.data[0]
      value: 
      objectReference: {fileID: 2100000, guid: 6c25719a3f353594d8984b59bf19f3d0, type: 2}
    - target: {fileID: -4265139396242169913, guid: ce33504078112854194ad461a66f97ce,
        type: 3}
      propertyPath: m_Materials.Array.data[0]
      value: 
      objectReference: {fileID: 2100000, guid: 6c25719a3f353594d8984b59bf19f3d0, type: 2}
    - target: {fileID: -4216859302048453862, guid: ce33504078112854194ad461a66f97ce,
        type: 3}
      propertyPath: m_LocalPosition.x
      value: 0
      objectReference: {fileID: 0}
    - target: {fileID: -4216859302048453862, guid: ce33504078112854194ad461a66f97ce,
        type: 3}
      propertyPath: m_LocalPosition.y
      value: 0
      objectReference: {fileID: 0}
    - target: {fileID: -4216859302048453862, guid: ce33504078112854194ad461a66f97ce,
        type: 3}
      propertyPath: m_LocalPosition.z
      value: 0
      objectReference: {fileID: 0}
    - target: {fileID: -4216859302048453862, guid: ce33504078112854194ad461a66f97ce,
        type: 3}
      propertyPath: m_LocalRotation.x
      value: 0
      objectReference: {fileID: 0}
    - target: {fileID: -4216859302048453862, guid: ce33504078112854194ad461a66f97ce,
        type: 3}
      propertyPath: m_LocalRotation.y
      value: 0.7071068
      objectReference: {fileID: 0}
    - target: {fileID: -4216859302048453862, guid: ce33504078112854194ad461a66f97ce,
        type: 3}
      propertyPath: m_LocalRotation.z
      value: 0
      objectReference: {fileID: 0}
    - target: {fileID: -4216859302048453862, guid: ce33504078112854194ad461a66f97ce,
        type: 3}
      propertyPath: m_LocalRotation.w
      value: 0.7071068
      objectReference: {fileID: 0}
    - target: {fileID: -4216859302048453862, guid: ce33504078112854194ad461a66f97ce,
        type: 3}
      propertyPath: m_RootOrder
      value: 1
      objectReference: {fileID: 0}
    - target: {fileID: -4216859302048453862, guid: ce33504078112854194ad461a66f97ce,
        type: 3}
      propertyPath: m_LocalEulerAnglesHint.x
      value: 0
      objectReference: {fileID: 0}
    - target: {fileID: -4216859302048453862, guid: ce33504078112854194ad461a66f97ce,
        type: 3}
      propertyPath: m_LocalEulerAnglesHint.y
      value: 90
      objectReference: {fileID: 0}
    - target: {fileID: -4216859302048453862, guid: ce33504078112854194ad461a66f97ce,
        type: 3}
      propertyPath: m_LocalEulerAnglesHint.z
      value: 0
      objectReference: {fileID: 0}
    - target: {fileID: -3455005616159902761, guid: ce33504078112854194ad461a66f97ce,
        type: 3}
      propertyPath: m_Materials.Array.data[0]
      value: 
      objectReference: {fileID: 2100000, guid: 6c25719a3f353594d8984b59bf19f3d0, type: 2}
    - target: {fileID: -3287157101468698573, guid: ce33504078112854194ad461a66f97ce,
        type: 3}
      propertyPath: m_Materials.Array.data[0]
      value: 
      objectReference: {fileID: 2100000, guid: 6c25719a3f353594d8984b59bf19f3d0, type: 2}
    - target: {fileID: -3251932344134528183, guid: ce33504078112854194ad461a66f97ce,
        type: 3}
      propertyPath: m_StaticEditorFlags
      value: 4294967295
      objectReference: {fileID: 0}
    - target: {fileID: -3251932344134528183, guid: ce33504078112854194ad461a66f97ce,
        type: 3}
      propertyPath: m_Layer
      value: 0
      objectReference: {fileID: 0}
    - target: {fileID: -3136671709803328599, guid: ce33504078112854194ad461a66f97ce,
        type: 3}
      propertyPath: m_StaticEditorFlags
      value: 4294967295
      objectReference: {fileID: 0}
    - target: {fileID: -3136671709803328599, guid: ce33504078112854194ad461a66f97ce,
        type: 3}
      propertyPath: m_Layer
      value: 0
      objectReference: {fileID: 0}
    - target: {fileID: -2449897622909598171, guid: ce33504078112854194ad461a66f97ce,
        type: 3}
      propertyPath: m_Materials.Array.data[0]
      value: 
      objectReference: {fileID: 2100000, guid: 6c25719a3f353594d8984b59bf19f3d0, type: 2}
    - target: {fileID: -1179681356409604318, guid: ce33504078112854194ad461a66f97ce,
        type: 3}
      propertyPath: m_StaticEditorFlags
      value: 4294967295
      objectReference: {fileID: 0}
    - target: {fileID: -1179681356409604318, guid: ce33504078112854194ad461a66f97ce,
        type: 3}
      propertyPath: m_Layer
      value: 0
      objectReference: {fileID: 0}
    - target: {fileID: -1014560989715913146, guid: ce33504078112854194ad461a66f97ce,
        type: 3}
      propertyPath: m_Materials.Array.data[0]
      value: 
      objectReference: {fileID: 2100000, guid: 6c25719a3f353594d8984b59bf19f3d0, type: 2}
    - target: {fileID: -927199367670048503, guid: ce33504078112854194ad461a66f97ce,
        type: 3}
      propertyPath: m_Name
      value: DoorWall001_Base
      objectReference: {fileID: 0}
    - target: {fileID: -927199367670048503, guid: ce33504078112854194ad461a66f97ce,
        type: 3}
      propertyPath: m_StaticEditorFlags
      value: 4294967295
      objectReference: {fileID: 0}
    - target: {fileID: -927199367670048503, guid: ce33504078112854194ad461a66f97ce,
        type: 3}
      propertyPath: m_Layer
      value: 0
      objectReference: {fileID: 0}
    - target: {fileID: 1046411936080951659, guid: ce33504078112854194ad461a66f97ce,
        type: 3}
      propertyPath: m_StaticEditorFlags
      value: 4294967295
      objectReference: {fileID: 0}
    - target: {fileID: 1046411936080951659, guid: ce33504078112854194ad461a66f97ce,
        type: 3}
      propertyPath: m_Layer
      value: 0
      objectReference: {fileID: 0}
    - target: {fileID: 1287024514427380366, guid: ce33504078112854194ad461a66f97ce,
        type: 3}
      propertyPath: m_StaticEditorFlags
      value: 4294967295
      objectReference: {fileID: 0}
    - target: {fileID: 1287024514427380366, guid: ce33504078112854194ad461a66f97ce,
        type: 3}
      propertyPath: m_Layer
      value: 0
      objectReference: {fileID: 0}
    - target: {fileID: 1675561174185013840, guid: ce33504078112854194ad461a66f97ce,
        type: 3}
      propertyPath: m_StaticEditorFlags
      value: 4294967295
      objectReference: {fileID: 0}
    - target: {fileID: 1675561174185013840, guid: ce33504078112854194ad461a66f97ce,
        type: 3}
      propertyPath: m_Layer
      value: 0
      objectReference: {fileID: 0}
    - target: {fileID: 1695532417028562016, guid: ce33504078112854194ad461a66f97ce,
        type: 3}
      propertyPath: m_StaticEditorFlags
      value: 4294967295
      objectReference: {fileID: 0}
    - target: {fileID: 1695532417028562016, guid: ce33504078112854194ad461a66f97ce,
        type: 3}
      propertyPath: m_Layer
      value: 0
      objectReference: {fileID: 0}
    - target: {fileID: 1782538569594887393, guid: ce33504078112854194ad461a66f97ce,
        type: 3}
      propertyPath: m_Materials.Array.data[0]
      value: 
      objectReference: {fileID: 2100000, guid: 6c25719a3f353594d8984b59bf19f3d0, type: 2}
    - target: {fileID: 2281742153249484438, guid: ce33504078112854194ad461a66f97ce,
        type: 3}
      propertyPath: m_StaticEditorFlags
      value: 4294967295
      objectReference: {fileID: 0}
    - target: {fileID: 2281742153249484438, guid: ce33504078112854194ad461a66f97ce,
        type: 3}
      propertyPath: m_Layer
      value: 0
      objectReference: {fileID: 0}
    - target: {fileID: 2429835842688095195, guid: ce33504078112854194ad461a66f97ce,
        type: 3}
      propertyPath: m_Materials.Array.data[0]
      value: 
      objectReference: {fileID: 2100000, guid: 6c25719a3f353594d8984b59bf19f3d0, type: 2}
    - target: {fileID: 2594618462935790825, guid: ce33504078112854194ad461a66f97ce,
        type: 3}
      propertyPath: m_StaticEditorFlags
      value: 4294967295
      objectReference: {fileID: 0}
    - target: {fileID: 2594618462935790825, guid: ce33504078112854194ad461a66f97ce,
        type: 3}
      propertyPath: m_Layer
      value: 0
      objectReference: {fileID: 0}
    - target: {fileID: 2646570351436149542, guid: ce33504078112854194ad461a66f97ce,
        type: 3}
      propertyPath: m_Materials.Array.data[0]
      value: 
      objectReference: {fileID: 2100000, guid: a06a81a5d4a116c4a8768d9b09a50254, type: 2}
    - target: {fileID: 2989891685367150769, guid: ce33504078112854194ad461a66f97ce,
        type: 3}
      propertyPath: m_Materials.Array.data[0]
      value: 
      objectReference: {fileID: 2100000, guid: 6c25719a3f353594d8984b59bf19f3d0, type: 2}
    - target: {fileID: 3078886407816626939, guid: ce33504078112854194ad461a66f97ce,
        type: 3}
      propertyPath: m_StaticEditorFlags
      value: 4294967295
      objectReference: {fileID: 0}
    - target: {fileID: 3078886407816626939, guid: ce33504078112854194ad461a66f97ce,
        type: 3}
      propertyPath: m_Layer
      value: 0
      objectReference: {fileID: 0}
    - target: {fileID: 3543919018044553254, guid: ce33504078112854194ad461a66f97ce,
        type: 3}
      propertyPath: m_StaticEditorFlags
      value: 4294967295
      objectReference: {fileID: 0}
    - target: {fileID: 3543919018044553254, guid: ce33504078112854194ad461a66f97ce,
        type: 3}
      propertyPath: m_Layer
      value: 0
      objectReference: {fileID: 0}
    - target: {fileID: 4601551211250052820, guid: ce33504078112854194ad461a66f97ce,
        type: 3}
      propertyPath: m_StaticEditorFlags
      value: 4294967295
      objectReference: {fileID: 0}
    - target: {fileID: 4601551211250052820, guid: ce33504078112854194ad461a66f97ce,
        type: 3}
      propertyPath: m_Layer
      value: 0
      objectReference: {fileID: 0}
    - target: {fileID: 4705768080918317641, guid: ce33504078112854194ad461a66f97ce,
        type: 3}
      propertyPath: m_Materials.Array.data[0]
      value: 
      objectReference: {fileID: 2100000, guid: 6c25719a3f353594d8984b59bf19f3d0, type: 2}
    - target: {fileID: 5582742408109745516, guid: ce33504078112854194ad461a66f97ce,
        type: 3}
      propertyPath: m_StaticEditorFlags
      value: 4294967295
      objectReference: {fileID: 0}
    - target: {fileID: 5582742408109745516, guid: ce33504078112854194ad461a66f97ce,
        type: 3}
      propertyPath: m_Layer
      value: 0
      objectReference: {fileID: 0}
    - target: {fileID: 6531984018686345262, guid: ce33504078112854194ad461a66f97ce,
        type: 3}
      propertyPath: m_Materials.Array.data[0]
      value: 
      objectReference: {fileID: 2100000, guid: 6c25719a3f353594d8984b59bf19f3d0, type: 2}
    - target: {fileID: 6578646931463837213, guid: ce33504078112854194ad461a66f97ce,
        type: 3}
      propertyPath: m_Materials.Array.data[0]
      value: 
      objectReference: {fileID: 2100000, guid: 6c25719a3f353594d8984b59bf19f3d0, type: 2}
    - target: {fileID: 6756544417069595624, guid: ce33504078112854194ad461a66f97ce,
        type: 3}
      propertyPath: m_Materials.Array.data[0]
      value: 
      objectReference: {fileID: 2100000, guid: 6c25719a3f353594d8984b59bf19f3d0, type: 2}
    - target: {fileID: 7012421376284248863, guid: ce33504078112854194ad461a66f97ce,
        type: 3}
      propertyPath: m_Materials.Array.data[0]
      value: 
      objectReference: {fileID: 2100000, guid: 6c25719a3f353594d8984b59bf19f3d0, type: 2}
    - target: {fileID: 8237568381173450583, guid: ce33504078112854194ad461a66f97ce,
        type: 3}
      propertyPath: m_StaticEditorFlags
      value: 4294967295
      objectReference: {fileID: 0}
    - target: {fileID: 8237568381173450583, guid: ce33504078112854194ad461a66f97ce,
        type: 3}
      propertyPath: m_Layer
      value: 0
      objectReference: {fileID: 0}
    - target: {fileID: 8593629572834830809, guid: ce33504078112854194ad461a66f97ce,
        type: 3}
      propertyPath: m_Materials.Array.data[0]
      value: 
      objectReference: {fileID: 2100000, guid: 6c25719a3f353594d8984b59bf19f3d0, type: 2}
    - target: {fileID: 8710287889873509121, guid: ce33504078112854194ad461a66f97ce,
        type: 3}
      propertyPath: m_StaticEditorFlags
      value: 4294967295
      objectReference: {fileID: 0}
    - target: {fileID: 8710287889873509121, guid: ce33504078112854194ad461a66f97ce,
        type: 3}
      propertyPath: m_Layer
      value: 0
      objectReference: {fileID: 0}
    m_RemovedComponents: []
  m_SourcePrefab: {fileID: 100100000, guid: ce33504078112854194ad461a66f97ce, type: 3}
--- !u!4 &4218613458804642827 stripped
Transform:
  m_CorrespondingSourceObject: {fileID: -4216859302048453862, guid: ce33504078112854194ad461a66f97ce,
    type: 3}
  m_PrefabInstance: {fileID: 9219205267640696593}
  m_PrefabAsset: {fileID: 0}
--- !u!1001 &9219205267832028735
PrefabInstance:
  m_ObjectHideFlags: 0
  serializedVersion: 2
  m_Modification:
    m_TransformParent: {fileID: 3564727796248236194}
    m_Modifications:
    - target: {fileID: -4216859302048453862, guid: cb5402bf6f4b6ee4a9b2379fda780bdb,
        type: 3}
      propertyPath: m_LocalPosition.x
      value: 0
      objectReference: {fileID: 0}
    - target: {fileID: -4216859302048453862, guid: cb5402bf6f4b6ee4a9b2379fda780bdb,
        type: 3}
      propertyPath: m_LocalPosition.y
      value: 0
      objectReference: {fileID: 0}
    - target: {fileID: -4216859302048453862, guid: cb5402bf6f4b6ee4a9b2379fda780bdb,
        type: 3}
      propertyPath: m_LocalPosition.z
      value: 0
      objectReference: {fileID: 0}
    - target: {fileID: -4216859302048453862, guid: cb5402bf6f4b6ee4a9b2379fda780bdb,
        type: 3}
      propertyPath: m_LocalRotation.x
      value: -0.5
      objectReference: {fileID: 0}
    - target: {fileID: -4216859302048453862, guid: cb5402bf6f4b6ee4a9b2379fda780bdb,
        type: 3}
      propertyPath: m_LocalRotation.y
      value: 0.5
      objectReference: {fileID: 0}
    - target: {fileID: -4216859302048453862, guid: cb5402bf6f4b6ee4a9b2379fda780bdb,
        type: 3}
      propertyPath: m_LocalRotation.z
      value: 0.5
      objectReference: {fileID: 0}
    - target: {fileID: -4216859302048453862, guid: cb5402bf6f4b6ee4a9b2379fda780bdb,
        type: 3}
      propertyPath: m_LocalRotation.w
      value: 0.5
      objectReference: {fileID: 0}
    - target: {fileID: -4216859302048453862, guid: cb5402bf6f4b6ee4a9b2379fda780bdb,
        type: 3}
      propertyPath: m_RootOrder
      value: 0
      objectReference: {fileID: 0}
    - target: {fileID: -4216859302048453862, guid: cb5402bf6f4b6ee4a9b2379fda780bdb,
        type: 3}
      propertyPath: m_LocalEulerAnglesHint.x
      value: -90
      objectReference: {fileID: 0}
    - target: {fileID: -4216859302048453862, guid: cb5402bf6f4b6ee4a9b2379fda780bdb,
        type: 3}
      propertyPath: m_LocalEulerAnglesHint.y
      value: 90
      objectReference: {fileID: 0}
    - target: {fileID: -4216859302048453862, guid: cb5402bf6f4b6ee4a9b2379fda780bdb,
        type: 3}
      propertyPath: m_LocalEulerAnglesHint.z
      value: 0
      objectReference: {fileID: 0}
    - target: {fileID: -1504981713932161579, guid: cb5402bf6f4b6ee4a9b2379fda780bdb,
        type: 3}
      propertyPath: m_Materials.Array.data[0]
      value: 
      objectReference: {fileID: 2100000, guid: a5b62b5a3e9bc7e41b388d0d744d514a, type: 2}
    - target: {fileID: -927199367670048503, guid: cb5402bf6f4b6ee4a9b2379fda780bdb,
        type: 3}
      propertyPath: m_Name
      value: DoorFrame001_LowPoly
      objectReference: {fileID: 0}
    - target: {fileID: -927199367670048503, guid: cb5402bf6f4b6ee4a9b2379fda780bdb,
        type: 3}
      propertyPath: m_StaticEditorFlags
      value: 4294967295
      objectReference: {fileID: 0}
    - target: {fileID: -927199367670048503, guid: cb5402bf6f4b6ee4a9b2379fda780bdb,
        type: 3}
      propertyPath: m_Layer
      value: 0
      objectReference: {fileID: 0}
    m_RemovedComponents: []
  m_SourcePrefab: {fileID: 100100000, guid: cb5402bf6f4b6ee4a9b2379fda780bdb, type: 3}
--- !u!1 &923483450022225718 stripped
GameObject:
  m_CorrespondingSourceObject: {fileID: -927199367670048503, guid: cb5402bf6f4b6ee4a9b2379fda780bdb,
    type: 3}
  m_PrefabInstance: {fileID: 9219205267832028735}
  m_PrefabAsset: {fileID: 0}
--- !u!4 &4218613459011507493 stripped
Transform:
  m_CorrespondingSourceObject: {fileID: -4216859302048453862, guid: cb5402bf6f4b6ee4a9b2379fda780bdb,
    type: 3}
  m_PrefabInstance: {fileID: 9219205267832028735}
  m_PrefabAsset: {fileID: 0}
