%YAML 1.1
%TAG !u! tag:unity3d.com,2011:
--- !u!1 &640792424357263475
GameObject:
  m_ObjectHideFlags: 0
  m_CorrespondingSourceObject: {fileID: 0}
  m_PrefabInstance: {fileID: 0}
  m_PrefabAsset: {fileID: 0}
  serializedVersion: 6
  m_Component:
  - component: {fileID: 5116053627054293977}
  m_Layer: 12
  m_Name: Holder
  m_TagString: Untagged
  m_Icon: {fileID: 0}
  m_NavMeshLayer: 0
  m_StaticEditorFlags: 0
  m_IsActive: 1
--- !u!4 &5116053627054293977
Transform:
  m_ObjectHideFlags: 0
  m_CorrespondingSourceObject: {fileID: 0}
  m_PrefabInstance: {fileID: 0}
  m_PrefabAsset: {fileID: 0}
  m_GameObject: {fileID: 640792424357263475}
  m_LocalRotation: {x: 0, y: 0.7071068, z: 0, w: 0.7071068}
  m_LocalPosition: {x: 0, y: 0, z: 0}
  m_LocalScale: {x: 1, y: 1, z: 1}
  m_Children:
  - {fileID: 6572847685103277355}
  - {fileID: 2985335545204618498}
  - {fileID: 3228212136510032251}
  - {fileID: 1515425717568092596}
  m_Father: {fileID: 5819919248322564482}
  m_RootOrder: 0
  m_LocalEulerAnglesHint: {x: 0, y: 90, z: 0}
--- !u!1 &8162560762009548952
GameObject:
  m_ObjectHideFlags: 0
  m_CorrespondingSourceObject: {fileID: 0}
  m_PrefabInstance: {fileID: 0}
  m_PrefabAsset: {fileID: 0}
  serializedVersion: 6
  m_Component:
  - component: {fileID: 5819919248322564482}
  - component: {fileID: 4354909398915783999}
  - component: {fileID: 7239828673136940239}
  m_Layer: 12
  m_Name: StartDoor001
  m_TagString: Untagged
  m_Icon: {fileID: 0}
  m_NavMeshLayer: 0
  m_StaticEditorFlags: 0
  m_IsActive: 1
--- !u!4 &5819919248322564482
Transform:
  m_ObjectHideFlags: 0
  m_CorrespondingSourceObject: {fileID: 0}
  m_PrefabInstance: {fileID: 0}
  m_PrefabAsset: {fileID: 0}
  m_GameObject: {fileID: 8162560762009548952}
  m_LocalRotation: {x: 0, y: 0, z: 0, w: 1}
  m_LocalPosition: {x: 0, y: 0, z: 0}
  m_LocalScale: {x: 1, y: 1, z: 1}
  m_Children:
  - {fileID: 5116053627054293977}
  - {fileID: 3516267414131161690}
  - {fileID: 3010854053706230470}
  - {fileID: 4494380782108080372}
  - {fileID: 2033491763043710706}
  - {fileID: 509119690586682173}
  - {fileID: 5772529506173703141}
  m_Father: {fileID: 0}
  m_RootOrder: 0
  m_LocalEulerAnglesHint: {x: 0, y: 0, z: 0}
--- !u!65 &4354909398915783999
BoxCollider:
  m_ObjectHideFlags: 0
  m_CorrespondingSourceObject: {fileID: 0}
  m_PrefabInstance: {fileID: 0}
  m_PrefabAsset: {fileID: 0}
  m_GameObject: {fileID: 8162560762009548952}
  m_Material: {fileID: 0}
  m_IsTrigger: 0
  m_Enabled: 1
  serializedVersion: 2
  m_Size: {x: 0.5, y: 3, z: 3.5}
  m_Center: {x: 0, y: 1.5, z: 2.75}
--- !u!65 &7239828673136940239
BoxCollider:
  m_ObjectHideFlags: 0
  m_CorrespondingSourceObject: {fileID: 0}
  m_PrefabInstance: {fileID: 0}
  m_PrefabAsset: {fileID: 0}
  m_GameObject: {fileID: 8162560762009548952}
  m_Material: {fileID: 0}
  m_IsTrigger: 0
  m_Enabled: 1
  serializedVersion: 2
  m_Size: {x: 0.5, y: 3, z: 3.5}
  m_Center: {x: 0, y: 1.5, z: -2.75}
--- !u!1001 &501941182690879172
PrefabInstance:
  m_ObjectHideFlags: 0
  serializedVersion: 2
  m_Modification:
    m_TransformParent: {fileID: 5819919248322564482}
    m_Modifications:
    - target: {fileID: 1931808002605240374, guid: a22667381972afd4cad595b4c22b8c3a,
        type: 3}
      propertyPath: m_LocalPosition.x
      value: -0.4
      objectReference: {fileID: 0}
    - target: {fileID: 1931808002605240374, guid: a22667381972afd4cad595b4c22b8c3a,
        type: 3}
      propertyPath: m_LocalPosition.y
      value: 1.5
      objectReference: {fileID: 0}
    - target: {fileID: 1931808002605240374, guid: a22667381972afd4cad595b4c22b8c3a,
        type: 3}
      propertyPath: m_LocalPosition.z
      value: -2
      objectReference: {fileID: 0}
    - target: {fileID: 1931808002605240374, guid: a22667381972afd4cad595b4c22b8c3a,
        type: 3}
      propertyPath: m_LocalRotation.x
      value: 0
      objectReference: {fileID: 0}
    - target: {fileID: 1931808002605240374, guid: a22667381972afd4cad595b4c22b8c3a,
        type: 3}
      propertyPath: m_LocalRotation.y
      value: -0.7071068
      objectReference: {fileID: 0}
    - target: {fileID: 1931808002605240374, guid: a22667381972afd4cad595b4c22b8c3a,
        type: 3}
      propertyPath: m_LocalRotation.z
      value: 0
      objectReference: {fileID: 0}
    - target: {fileID: 1931808002605240374, guid: a22667381972afd4cad595b4c22b8c3a,
        type: 3}
      propertyPath: m_LocalRotation.w
      value: 0.7071068
      objectReference: {fileID: 0}
    - target: {fileID: 1931808002605240374, guid: a22667381972afd4cad595b4c22b8c3a,
        type: 3}
      propertyPath: m_RootOrder
      value: 4
      objectReference: {fileID: 0}
    - target: {fileID: 1931808002605240374, guid: a22667381972afd4cad595b4c22b8c3a,
        type: 3}
      propertyPath: m_LocalEulerAnglesHint.x
      value: 0
      objectReference: {fileID: 0}
    - target: {fileID: 1931808002605240374, guid: a22667381972afd4cad595b4c22b8c3a,
        type: 3}
      propertyPath: m_LocalEulerAnglesHint.y
      value: -90
      objectReference: {fileID: 0}
    - target: {fileID: 1931808002605240374, guid: a22667381972afd4cad595b4c22b8c3a,
        type: 3}
      propertyPath: m_LocalEulerAnglesHint.z
      value: 0
      objectReference: {fileID: 0}
    - target: {fileID: 3212316663032324645, guid: a22667381972afd4cad595b4c22b8c3a,
        type: 3}
      propertyPath: m_Name
      value: Grass003
      objectReference: {fileID: 0}
    - target: {fileID: 3212316663032324645, guid: a22667381972afd4cad595b4c22b8c3a,
        type: 3}
      propertyPath: m_Layer
      value: 12
      objectReference: {fileID: 0}
    m_RemovedComponents: []
  m_SourcePrefab: {fileID: 100100000, guid: a22667381972afd4cad595b4c22b8c3a, type: 3}
--- !u!4 &2033491763043710706 stripped
Transform:
  m_CorrespondingSourceObject: {fileID: 1931808002605240374, guid: a22667381972afd4cad595b4c22b8c3a,
    type: 3}
  m_PrefabInstance: {fileID: 501941182690879172}
  m_PrefabAsset: {fileID: 0}
--- !u!1001 &2183620109796245041
PrefabInstance:
  m_ObjectHideFlags: 0
  serializedVersion: 2
  m_Modification:
    m_TransformParent: {fileID: 5116053627054293977}
    m_Modifications:
    - target: {fileID: -8606349420546713180, guid: ce33504078112854194ad461a66f97ce,
        type: 3}
      propertyPath: m_Layer
      value: 12
      objectReference: {fileID: 0}
    - target: {fileID: -8132162352632596056, guid: ce33504078112854194ad461a66f97ce,
        type: 3}
      propertyPath: m_Layer
      value: 12
      objectReference: {fileID: 0}
    - target: {fileID: -7249641425258489856, guid: ce33504078112854194ad461a66f97ce,
        type: 3}
      propertyPath: m_Materials.Array.data[0]
      value: 
      objectReference: {fileID: 2100000, guid: 6c25719a3f353594d8984b59bf19f3d0, type: 2}
    - target: {fileID: -6817470076636251157, guid: ce33504078112854194ad461a66f97ce,
        type: 3}
      propertyPath: m_Layer
      value: 12
      objectReference: {fileID: 0}
    - target: {fileID: -5305041326234412129, guid: ce33504078112854194ad461a66f97ce,
        type: 3}
      propertyPath: m_Materials.Array.data[0]
      value: 
      objectReference: {fileID: 2100000, guid: 6c25719a3f353594d8984b59bf19f3d0, type: 2}
    - target: {fileID: -4485853429664199194, guid: ce33504078112854194ad461a66f97ce,
        type: 3}
      propertyPath: m_Materials.Array.data[0]
      value: 
      objectReference: {fileID: 2100000, guid: 6c25719a3f353594d8984b59bf19f3d0, type: 2}
    - target: {fileID: -4265139396242169913, guid: ce33504078112854194ad461a66f97ce,
        type: 3}
      propertyPath: m_Materials.Array.data[0]
      value: 
      objectReference: {fileID: 2100000, guid: 6c25719a3f353594d8984b59bf19f3d0, type: 2}
    - target: {fileID: -4216859302048453862, guid: ce33504078112854194ad461a66f97ce,
        type: 3}
      propertyPath: m_LocalPosition.x
      value: 0
      objectReference: {fileID: 0}
    - target: {fileID: -4216859302048453862, guid: ce33504078112854194ad461a66f97ce,
        type: 3}
      propertyPath: m_LocalPosition.y
      value: 0
      objectReference: {fileID: 0}
    - target: {fileID: -4216859302048453862, guid: ce33504078112854194ad461a66f97ce,
        type: 3}
      propertyPath: m_LocalPosition.z
      value: 0
      objectReference: {fileID: 0}
    - target: {fileID: -4216859302048453862, guid: ce33504078112854194ad461a66f97ce,
        type: 3}
      propertyPath: m_LocalRotation.x
      value: -0
      objectReference: {fileID: 0}
    - target: {fileID: -4216859302048453862, guid: ce33504078112854194ad461a66f97ce,
        type: 3}
      propertyPath: m_LocalRotation.y
      value: -0
      objectReference: {fileID: 0}
    - target: {fileID: -4216859302048453862, guid: ce33504078112854194ad461a66f97ce,
        type: 3}
      propertyPath: m_LocalRotation.z
      value: -0
      objectReference: {fileID: 0}
    - target: {fileID: -4216859302048453862, guid: ce33504078112854194ad461a66f97ce,
        type: 3}
      propertyPath: m_LocalRotation.w
      value: 1
      objectReference: {fileID: 0}
    - target: {fileID: -4216859302048453862, guid: ce33504078112854194ad461a66f97ce,
        type: 3}
      propertyPath: m_RootOrder
      value: 0
      objectReference: {fileID: 0}
    - target: {fileID: -4216859302048453862, guid: ce33504078112854194ad461a66f97ce,
        type: 3}
      propertyPath: m_LocalEulerAnglesHint.x
      value: 0
      objectReference: {fileID: 0}
    - target: {fileID: -4216859302048453862, guid: ce33504078112854194ad461a66f97ce,
        type: 3}
      propertyPath: m_LocalEulerAnglesHint.y
      value: 0
      objectReference: {fileID: 0}
    - target: {fileID: -4216859302048453862, guid: ce33504078112854194ad461a66f97ce,
        type: 3}
      propertyPath: m_LocalEulerAnglesHint.z
      value: 0
      objectReference: {fileID: 0}
    - target: {fileID: -3455005616159902761, guid: ce33504078112854194ad461a66f97ce,
        type: 3}
      propertyPath: m_Materials.Array.data[0]
      value: 
      objectReference: {fileID: 2100000, guid: 6c25719a3f353594d8984b59bf19f3d0, type: 2}
    - target: {fileID: -3287157101468698573, guid: ce33504078112854194ad461a66f97ce,
        type: 3}
      propertyPath: m_Materials.Array.data[0]
      value: 
      objectReference: {fileID: 2100000, guid: 6c25719a3f353594d8984b59bf19f3d0, type: 2}
    - target: {fileID: -3251932344134528183, guid: ce33504078112854194ad461a66f97ce,
        type: 3}
      propertyPath: m_Layer
      value: 12
      objectReference: {fileID: 0}
    - target: {fileID: -3136671709803328599, guid: ce33504078112854194ad461a66f97ce,
        type: 3}
      propertyPath: m_Layer
      value: 12
      objectReference: {fileID: 0}
    - target: {fileID: -2449897622909598171, guid: ce33504078112854194ad461a66f97ce,
        type: 3}
      propertyPath: m_Materials.Array.data[0]
      value: 
      objectReference: {fileID: 2100000, guid: 6c25719a3f353594d8984b59bf19f3d0, type: 2}
    - target: {fileID: -1179681356409604318, guid: ce33504078112854194ad461a66f97ce,
        type: 3}
      propertyPath: m_Layer
      value: 12
      objectReference: {fileID: 0}
    - target: {fileID: -1014560989715913146, guid: ce33504078112854194ad461a66f97ce,
        type: 3}
      propertyPath: m_Materials.Array.data[0]
      value: 
      objectReference: {fileID: 2100000, guid: 6c25719a3f353594d8984b59bf19f3d0, type: 2}
    - target: {fileID: -927199367670048503, guid: ce33504078112854194ad461a66f97ce,
        type: 3}
      propertyPath: m_Name
      value: DoorWall001_Base
      objectReference: {fileID: 0}
    - target: {fileID: -927199367670048503, guid: ce33504078112854194ad461a66f97ce,
        type: 3}
      propertyPath: m_Layer
      value: 12
      objectReference: {fileID: 0}
    - target: {fileID: 1046411936080951659, guid: ce33504078112854194ad461a66f97ce,
        type: 3}
      propertyPath: m_Layer
      value: 12
      objectReference: {fileID: 0}
    - target: {fileID: 1287024514427380366, guid: ce33504078112854194ad461a66f97ce,
        type: 3}
      propertyPath: m_Layer
      value: 12
      objectReference: {fileID: 0}
    - target: {fileID: 1675561174185013840, guid: ce33504078112854194ad461a66f97ce,
        type: 3}
      propertyPath: m_Layer
      value: 12
      objectReference: {fileID: 0}
    - target: {fileID: 1695532417028562016, guid: ce33504078112854194ad461a66f97ce,
        type: 3}
      propertyPath: m_Layer
      value: 12
      objectReference: {fileID: 0}
    - target: {fileID: 1782538569594887393, guid: ce33504078112854194ad461a66f97ce,
        type: 3}
      propertyPath: m_Materials.Array.data[0]
      value: 
      objectReference: {fileID: 2100000, guid: 6c25719a3f353594d8984b59bf19f3d0, type: 2}
    - target: {fileID: 2281742153249484438, guid: ce33504078112854194ad461a66f97ce,
        type: 3}
      propertyPath: m_Layer
      value: 12
      objectReference: {fileID: 0}
    - target: {fileID: 2429835842688095195, guid: ce33504078112854194ad461a66f97ce,
        type: 3}
      propertyPath: m_Materials.Array.data[0]
      value: 
      objectReference: {fileID: 2100000, guid: 6c25719a3f353594d8984b59bf19f3d0, type: 2}
    - target: {fileID: 2594618462935790825, guid: ce33504078112854194ad461a66f97ce,
        type: 3}
      propertyPath: m_Layer
      value: 12
      objectReference: {fileID: 0}
    - target: {fileID: 2646570351436149542, guid: ce33504078112854194ad461a66f97ce,
        type: 3}
      propertyPath: m_Materials.Array.data[0]
      value: 
      objectReference: {fileID: 2100000, guid: a06a81a5d4a116c4a8768d9b09a50254, type: 2}
    - target: {fileID: 2989891685367150769, guid: ce33504078112854194ad461a66f97ce,
        type: 3}
      propertyPath: m_Materials.Array.data[0]
      value: 
      objectReference: {fileID: 2100000, guid: 6c25719a3f353594d8984b59bf19f3d0, type: 2}
    - target: {fileID: 3078886407816626939, guid: ce33504078112854194ad461a66f97ce,
        type: 3}
      propertyPath: m_Layer
      value: 12
      objectReference: {fileID: 0}
    - target: {fileID: 3543919018044553254, guid: ce33504078112854194ad461a66f97ce,
        type: 3}
      propertyPath: m_Layer
      value: 12
      objectReference: {fileID: 0}
    - target: {fileID: 4601551211250052820, guid: ce33504078112854194ad461a66f97ce,
        type: 3}
      propertyPath: m_Layer
      value: 12
      objectReference: {fileID: 0}
    - target: {fileID: 4705768080918317641, guid: ce33504078112854194ad461a66f97ce,
        type: 3}
      propertyPath: m_Materials.Array.data[0]
      value: 
      objectReference: {fileID: 2100000, guid: 6c25719a3f353594d8984b59bf19f3d0, type: 2}
    - target: {fileID: 5582742408109745516, guid: ce33504078112854194ad461a66f97ce,
        type: 3}
      propertyPath: m_Layer
      value: 12
      objectReference: {fileID: 0}
    - target: {fileID: 6531984018686345262, guid: ce33504078112854194ad461a66f97ce,
        type: 3}
      propertyPath: m_Materials.Array.data[0]
      value: 
      objectReference: {fileID: 2100000, guid: 6c25719a3f353594d8984b59bf19f3d0, type: 2}
    - target: {fileID: 6578646931463837213, guid: ce33504078112854194ad461a66f97ce,
        type: 3}
      propertyPath: m_Materials.Array.data[0]
      value: 
      objectReference: {fileID: 2100000, guid: 6c25719a3f353594d8984b59bf19f3d0, type: 2}
    - target: {fileID: 6756544417069595624, guid: ce33504078112854194ad461a66f97ce,
        type: 3}
      propertyPath: m_Materials.Array.data[0]
      value: 
      objectReference: {fileID: 2100000, guid: 6c25719a3f353594d8984b59bf19f3d0, type: 2}
    - target: {fileID: 7012421376284248863, guid: ce33504078112854194ad461a66f97ce,
        type: 3}
      propertyPath: m_Materials.Array.data[0]
      value: 
      objectReference: {fileID: 2100000, guid: 6c25719a3f353594d8984b59bf19f3d0, type: 2}
    - target: {fileID: 8237568381173450583, guid: ce33504078112854194ad461a66f97ce,
        type: 3}
      propertyPath: m_Layer
      value: 12
      objectReference: {fileID: 0}
    - target: {fileID: 8593629572834830809, guid: ce33504078112854194ad461a66f97ce,
        type: 3}
      propertyPath: m_Materials.Array.data[0]
      value: 
      objectReference: {fileID: 2100000, guid: 6c25719a3f353594d8984b59bf19f3d0, type: 2}
    - target: {fileID: 8710287889873509121, guid: ce33504078112854194ad461a66f97ce,
        type: 3}
      propertyPath: m_Layer
      value: 12
      objectReference: {fileID: 0}
    m_RemovedComponents: []
  m_SourcePrefab: {fileID: 100100000, guid: ce33504078112854194ad461a66f97ce, type: 3}
--- !u!4 &6572847685103277355 stripped
Transform:
  m_CorrespondingSourceObject: {fileID: -4216859302048453862, guid: ce33504078112854194ad461a66f97ce,
    type: 3}
  m_PrefabInstance: {fileID: 2183620109796245041}
  m_PrefabAsset: {fileID: 0}
--- !u!1001 &2793670827182911016
PrefabInstance:
  m_ObjectHideFlags: 0
  serializedVersion: 2
  m_Modification:
    m_TransformParent: {fileID: 5819919248322564482}
    m_Modifications:
    - target: {fileID: 1772768240758363868, guid: 32e52d6e94967a94da883633e3e6c6f1,
        type: 3}
      propertyPath: m_LocalPosition.x
      value: 0
      objectReference: {fileID: 0}
    - target: {fileID: 1772768240758363868, guid: 32e52d6e94967a94da883633e3e6c6f1,
        type: 3}
      propertyPath: m_LocalPosition.y
      value: 0.3
      objectReference: {fileID: 0}
    - target: {fileID: 1772768240758363868, guid: 32e52d6e94967a94da883633e3e6c6f1,
        type: 3}
      propertyPath: m_LocalPosition.z
      value: 2.5
      objectReference: {fileID: 0}
    - target: {fileID: 1772768240758363868, guid: 32e52d6e94967a94da883633e3e6c6f1,
        type: 3}
      propertyPath: m_LocalRotation.x
      value: -0.35355338
      objectReference: {fileID: 0}
    - target: {fileID: 1772768240758363868, guid: 32e52d6e94967a94da883633e3e6c6f1,
        type: 3}
      propertyPath: m_LocalRotation.y
      value: 0.35355338
      objectReference: {fileID: 0}
    - target: {fileID: 1772768240758363868, guid: 32e52d6e94967a94da883633e3e6c6f1,
        type: 3}
      propertyPath: m_LocalRotation.z
      value: 0.1464466
      objectReference: {fileID: 0}
    - target: {fileID: 1772768240758363868, guid: 32e52d6e94967a94da883633e3e6c6f1,
        type: 3}
      propertyPath: m_LocalRotation.w
      value: 0.8535535
      objectReference: {fileID: 0}
    - target: {fileID: 1772768240758363868, guid: 32e52d6e94967a94da883633e3e6c6f1,
        type: 3}
      propertyPath: m_RootOrder
      value: 3
      objectReference: {fileID: 0}
    - target: {fileID: 1772768240758363868, guid: 32e52d6e94967a94da883633e3e6c6f1,
        type: 3}
      propertyPath: m_LocalEulerAnglesHint.x
      value: -45
      objectReference: {fileID: 0}
    - target: {fileID: 1772768240758363868, guid: 32e52d6e94967a94da883633e3e6c6f1,
        type: 3}
      propertyPath: m_LocalEulerAnglesHint.y
      value: 45
      objectReference: {fileID: 0}
    - target: {fileID: 1772768240758363868, guid: 32e52d6e94967a94da883633e3e6c6f1,
        type: 3}
      propertyPath: m_LocalEulerAnglesHint.z
      value: 0
      objectReference: {fileID: 0}
    - target: {fileID: 3369108731066967247, guid: 32e52d6e94967a94da883633e3e6c6f1,
        type: 3}
      propertyPath: m_Name
      value: ForestCrate
      objectReference: {fileID: 0}
    - target: {fileID: 3369108731066967247, guid: 32e52d6e94967a94da883633e3e6c6f1,
        type: 3}
      propertyPath: m_Layer
      value: 12
      objectReference: {fileID: 0}
    m_RemovedComponents: []
  m_SourcePrefab: {fileID: 100100000, guid: 32e52d6e94967a94da883633e3e6c6f1, type: 3}
--- !u!4 &4494380782108080372 stripped
Transform:
  m_CorrespondingSourceObject: {fileID: 1772768240758363868, guid: 32e52d6e94967a94da883633e3e6c6f1,
    type: 3}
  m_PrefabInstance: {fileID: 2793670827182911016}
  m_PrefabAsset: {fileID: 0}
--- !u!1001 &3827255063395007845
PrefabInstance:
  m_ObjectHideFlags: 0
  serializedVersion: 2
  m_Modification:
    m_TransformParent: {fileID: 5819919248322564482}
    m_Modifications:
    - target: {fileID: 312644217824148555, guid: 482b2fa7698d5d641bbba396f7b2b160,
        type: 3}
      propertyPath: m_Name
      value: Grass002
      objectReference: {fileID: 0}
    - target: {fileID: 312644217824148555, guid: 482b2fa7698d5d641bbba396f7b2b160,
        type: 3}
      propertyPath: m_Layer
      value: 12
      objectReference: {fileID: 0}
    - target: {fileID: 3606791328730058328, guid: 482b2fa7698d5d641bbba396f7b2b160,
        type: 3}
      propertyPath: m_LocalPosition.x
      value: -0.4
      objectReference: {fileID: 0}
    - target: {fileID: 3606791328730058328, guid: 482b2fa7698d5d641bbba396f7b2b160,
        type: 3}
      propertyPath: m_LocalPosition.y
      value: 1.5
      objectReference: {fileID: 0}
    - target: {fileID: 3606791328730058328, guid: 482b2fa7698d5d641bbba396f7b2b160,
        type: 3}
      propertyPath: m_LocalPosition.z
      value: 3.5
      objectReference: {fileID: 0}
    - target: {fileID: 3606791328730058328, guid: 482b2fa7698d5d641bbba396f7b2b160,
        type: 3}
      propertyPath: m_LocalRotation.x
      value: 0
      objectReference: {fileID: 0}
    - target: {fileID: 3606791328730058328, guid: 482b2fa7698d5d641bbba396f7b2b160,
        type: 3}
      propertyPath: m_LocalRotation.y
      value: -0.7071068
      objectReference: {fileID: 0}
    - target: {fileID: 3606791328730058328, guid: 482b2fa7698d5d641bbba396f7b2b160,
        type: 3}
      propertyPath: m_LocalRotation.z
      value: 0
      objectReference: {fileID: 0}
    - target: {fileID: 3606791328730058328, guid: 482b2fa7698d5d641bbba396f7b2b160,
        type: 3}
      propertyPath: m_LocalRotation.w
      value: 0.7071068
      objectReference: {fileID: 0}
    - target: {fileID: 3606791328730058328, guid: 482b2fa7698d5d641bbba396f7b2b160,
        type: 3}
      propertyPath: m_RootOrder
      value: 5
      objectReference: {fileID: 0}
    - target: {fileID: 3606791328730058328, guid: 482b2fa7698d5d641bbba396f7b2b160,
        type: 3}
      propertyPath: m_LocalEulerAnglesHint.x
      value: 0
      objectReference: {fileID: 0}
    - target: {fileID: 3606791328730058328, guid: 482b2fa7698d5d641bbba396f7b2b160,
        type: 3}
      propertyPath: m_LocalEulerAnglesHint.y
      value: -90
      objectReference: {fileID: 0}
    - target: {fileID: 3606791328730058328, guid: 482b2fa7698d5d641bbba396f7b2b160,
        type: 3}
      propertyPath: m_LocalEulerAnglesHint.z
      value: 0
      objectReference: {fileID: 0}
    m_RemovedComponents: []
  m_SourcePrefab: {fileID: 100100000, guid: 482b2fa7698d5d641bbba396f7b2b160, type: 3}
--- !u!4 &509119690586682173 stripped
Transform:
  m_CorrespondingSourceObject: {fileID: 3606791328730058328, guid: 482b2fa7698d5d641bbba396f7b2b160,
    type: 3}
  m_PrefabInstance: {fileID: 3827255063395007845}
  m_PrefabAsset: {fileID: 0}
--- !u!1001 &4169537913903781421
PrefabInstance:
  m_ObjectHideFlags: 0
  serializedVersion: 2
  m_Modification:
    m_TransformParent: {fileID: 5819919248322564482}
    m_Modifications:
    - target: {fileID: 1159007763149782251, guid: 1e1d00a5ab510824694e923a3ddc42fb,
        type: 3}
      propertyPath: m_LocalPosition.x
      value: -0.4
      objectReference: {fileID: 0}
    - target: {fileID: 1159007763149782251, guid: 1e1d00a5ab510824694e923a3ddc42fb,
        type: 3}
      propertyPath: m_LocalPosition.y
      value: -0
      objectReference: {fileID: 0}
    - target: {fileID: 1159007763149782251, guid: 1e1d00a5ab510824694e923a3ddc42fb,
        type: 3}
      propertyPath: m_LocalPosition.z
      value: -3.624
      objectReference: {fileID: 0}
    - target: {fileID: 1159007763149782251, guid: 1e1d00a5ab510824694e923a3ddc42fb,
        type: 3}
      propertyPath: m_LocalRotation.x
      value: -0.5
      objectReference: {fileID: 0}
    - target: {fileID: 1159007763149782251, guid: 1e1d00a5ab510824694e923a3ddc42fb,
        type: 3}
      propertyPath: m_LocalRotation.y
      value: 0.5
      objectReference: {fileID: 0}
    - target: {fileID: 1159007763149782251, guid: 1e1d00a5ab510824694e923a3ddc42fb,
        type: 3}
      propertyPath: m_LocalRotation.z
      value: 0.5
      objectReference: {fileID: 0}
    - target: {fileID: 1159007763149782251, guid: 1e1d00a5ab510824694e923a3ddc42fb,
        type: 3}
      propertyPath: m_LocalRotation.w
      value: 0.5
      objectReference: {fileID: 0}
    - target: {fileID: 1159007763149782251, guid: 1e1d00a5ab510824694e923a3ddc42fb,
        type: 3}
      propertyPath: m_RootOrder
      value: 2
      objectReference: {fileID: 0}
    - target: {fileID: 1159007763149782251, guid: 1e1d00a5ab510824694e923a3ddc42fb,
        type: 3}
      propertyPath: m_LocalEulerAnglesHint.x
      value: -90.00001
      objectReference: {fileID: 0}
    - target: {fileID: 1159007763149782251, guid: 1e1d00a5ab510824694e923a3ddc42fb,
        type: 3}
      propertyPath: m_LocalEulerAnglesHint.y
      value: 90
      objectReference: {fileID: 0}
    - target: {fileID: 1159007763149782251, guid: 1e1d00a5ab510824694e923a3ddc42fb,
        type: 3}
      propertyPath: m_LocalEulerAnglesHint.z
      value: 0
      objectReference: {fileID: 0}
    - target: {fileID: 2760362096173551352, guid: 1e1d00a5ab510824694e923a3ddc42fb,
        type: 3}
      propertyPath: m_Name
      value: ForestRoot
      objectReference: {fileID: 0}
    - target: {fileID: 2760362096173551352, guid: 1e1d00a5ab510824694e923a3ddc42fb,
        type: 3}
      propertyPath: m_Layer
      value: 12
      objectReference: {fileID: 0}
    m_RemovedComponents: []
  m_SourcePrefab: {fileID: 100100000, guid: 1e1d00a5ab510824694e923a3ddc42fb, type: 3}
--- !u!4 &3010854053706230470 stripped
Transform:
  m_CorrespondingSourceObject: {fileID: 1159007763149782251, guid: 1e1d00a5ab510824694e923a3ddc42fb,
    type: 3}
  m_PrefabInstance: {fileID: 4169537913903781421}
  m_PrefabAsset: {fileID: 0}
--- !u!1001 &4695373703165741215
PrefabInstance:
  m_ObjectHideFlags: 0
  serializedVersion: 2
  m_Modification:
    m_TransformParent: {fileID: 5819919248322564482}
    m_Modifications:
    - target: {fileID: 1240025373804485498, guid: 5a57a4d8cfb1b2b478974829e54f1bb8,
        type: 3}
      propertyPath: m_LocalPosition.x
      value: -0.4
      objectReference: {fileID: 0}
    - target: {fileID: 1240025373804485498, guid: 5a57a4d8cfb1b2b478974829e54f1bb8,
        type: 3}
      propertyPath: m_LocalPosition.y
      value: 1
      objectReference: {fileID: 0}
    - target: {fileID: 1240025373804485498, guid: 5a57a4d8cfb1b2b478974829e54f1bb8,
        type: 3}
      propertyPath: m_LocalPosition.z
      value: 1.15
      objectReference: {fileID: 0}
    - target: {fileID: 1240025373804485498, guid: 5a57a4d8cfb1b2b478974829e54f1bb8,
        type: 3}
      propertyPath: m_LocalRotation.x
      value: 0
      objectReference: {fileID: 0}
    - target: {fileID: 1240025373804485498, guid: 5a57a4d8cfb1b2b478974829e54f1bb8,
        type: 3}
      propertyPath: m_LocalRotation.y
      value: -0.7071068
      objectReference: {fileID: 0}
    - target: {fileID: 1240025373804485498, guid: 5a57a4d8cfb1b2b478974829e54f1bb8,
        type: 3}
      propertyPath: m_LocalRotation.z
      value: 0
      objectReference: {fileID: 0}
    - target: {fileID: 1240025373804485498, guid: 5a57a4d8cfb1b2b478974829e54f1bb8,
        type: 3}
      propertyPath: m_LocalRotation.w
      value: 0.7071068
      objectReference: {fileID: 0}
    - target: {fileID: 1240025373804485498, guid: 5a57a4d8cfb1b2b478974829e54f1bb8,
        type: 3}
      propertyPath: m_RootOrder
      value: 6
      objectReference: {fileID: 0}
    - target: {fileID: 1240025373804485498, guid: 5a57a4d8cfb1b2b478974829e54f1bb8,
        type: 3}
      propertyPath: m_LocalEulerAnglesHint.x
      value: 0
      objectReference: {fileID: 0}
    - target: {fileID: 1240025373804485498, guid: 5a57a4d8cfb1b2b478974829e54f1bb8,
        type: 3}
      propertyPath: m_LocalEulerAnglesHint.y
      value: -90
      objectReference: {fileID: 0}
    - target: {fileID: 1240025373804485498, guid: 5a57a4d8cfb1b2b478974829e54f1bb8,
        type: 3}
      propertyPath: m_LocalEulerAnglesHint.z
      value: 0
      objectReference: {fileID: 0}
    - target: {fileID: 1240025373804485498, guid: 5a57a4d8cfb1b2b478974829e54f1bb8,
        type: 3}
      propertyPath: m_LocalScale.x
      value: 0.5
      objectReference: {fileID: 0}
    - target: {fileID: 1240025373804485498, guid: 5a57a4d8cfb1b2b478974829e54f1bb8,
        type: 3}
      propertyPath: m_LocalScale.y
      value: 0.5
      objectReference: {fileID: 0}
    - target: {fileID: 2841258275217910121, guid: 5a57a4d8cfb1b2b478974829e54f1bb8,
        type: 3}
      propertyPath: m_Name
      value: Vines001
      objectReference: {fileID: 0}
    - target: {fileID: 2841258275217910121, guid: 5a57a4d8cfb1b2b478974829e54f1bb8,
        type: 3}
      propertyPath: m_Layer
      value: 12
      objectReference: {fileID: 0}
    m_RemovedComponents: []
  m_SourcePrefab: {fileID: 100100000, guid: 5a57a4d8cfb1b2b478974829e54f1bb8, type: 3}
--- !u!4 &5772529506173703141 stripped
Transform:
  m_CorrespondingSourceObject: {fileID: 1240025373804485498, guid: 5a57a4d8cfb1b2b478974829e54f1bb8,
    type: 3}
  m_PrefabInstance: {fileID: 4695373703165741215}
  m_PrefabAsset: {fileID: 0}
--- !u!1001 &5799909988381659822
PrefabInstance:
  m_ObjectHideFlags: 0
  serializedVersion: 2
  m_Modification:
    m_TransformParent: {fileID: 5116053627054293977}
    m_Modifications:
    - target: {fileID: -4216859302048453862, guid: cb5402bf6f4b6ee4a9b2379fda780bdb,
        type: 3}
      propertyPath: m_LocalPosition.x
      value: 0
      objectReference: {fileID: 0}
    - target: {fileID: -4216859302048453862, guid: cb5402bf6f4b6ee4a9b2379fda780bdb,
        type: 3}
      propertyPath: m_LocalPosition.y
      value: 0
      objectReference: {fileID: 0}
    - target: {fileID: -4216859302048453862, guid: cb5402bf6f4b6ee4a9b2379fda780bdb,
        type: 3}
      propertyPath: m_LocalPosition.z
      value: 0.85
      objectReference: {fileID: 0}
    - target: {fileID: -4216859302048453862, guid: cb5402bf6f4b6ee4a9b2379fda780bdb,
        type: 3}
      propertyPath: m_LocalRotation.x
      value: -0.7071068
      objectReference: {fileID: 0}
    - target: {fileID: -4216859302048453862, guid: cb5402bf6f4b6ee4a9b2379fda780bdb,
        type: 3}
      propertyPath: m_LocalRotation.y
      value: -0
      objectReference: {fileID: 0}
    - target: {fileID: -4216859302048453862, guid: cb5402bf6f4b6ee4a9b2379fda780bdb,
        type: 3}
      propertyPath: m_LocalRotation.z
      value: -0
      objectReference: {fileID: 0}
    - target: {fileID: -4216859302048453862, guid: cb5402bf6f4b6ee4a9b2379fda780bdb,
        type: 3}
      propertyPath: m_LocalRotation.w
      value: 0.7071068
      objectReference: {fileID: 0}
    - target: {fileID: -4216859302048453862, guid: cb5402bf6f4b6ee4a9b2379fda780bdb,
        type: 3}
      propertyPath: m_RootOrder
      value: 3
      objectReference: {fileID: 0}
    - target: {fileID: -4216859302048453862, guid: cb5402bf6f4b6ee4a9b2379fda780bdb,
        type: 3}
      propertyPath: m_LocalEulerAnglesHint.x
      value: 0
      objectReference: {fileID: 0}
    - target: {fileID: -4216859302048453862, guid: cb5402bf6f4b6ee4a9b2379fda780bdb,
        type: 3}
      propertyPath: m_LocalEulerAnglesHint.y
      value: 0
      objectReference: {fileID: 0}
    - target: {fileID: -4216859302048453862, guid: cb5402bf6f4b6ee4a9b2379fda780bdb,
        type: 3}
      propertyPath: m_LocalEulerAnglesHint.z
      value: 0
      objectReference: {fileID: 0}
    - target: {fileID: -1504981713932161579, guid: cb5402bf6f4b6ee4a9b2379fda780bdb,
        type: 3}
      propertyPath: m_Materials.Array.data[0]
      value: 
      objectReference: {fileID: 2100000, guid: a5b62b5a3e9bc7e41b388d0d744d514a, type: 2}
    - target: {fileID: -927199367670048503, guid: cb5402bf6f4b6ee4a9b2379fda780bdb,
        type: 3}
      propertyPath: m_Name
      value: DoorFrame001_LowPoly (2)
      objectReference: {fileID: 0}
    - target: {fileID: -927199367670048503, guid: cb5402bf6f4b6ee4a9b2379fda780bdb,
        type: 3}
      propertyPath: m_Layer
      value: 12
      objectReference: {fileID: 0}
    m_RemovedComponents: []
  m_SourcePrefab: {fileID: 100100000, guid: cb5402bf6f4b6ee4a9b2379fda780bdb, type: 3}
--- !u!4 &1515425717568092596 stripped
Transform:
  m_CorrespondingSourceObject: {fileID: -4216859302048453862, guid: cb5402bf6f4b6ee4a9b2379fda780bdb,
    type: 3}
  m_PrefabInstance: {fileID: 5799909988381659822}
  m_PrefabAsset: {fileID: 0}
--- !u!1001 &7617378190722376289
PrefabInstance:
  m_ObjectHideFlags: 0
  serializedVersion: 2
  m_Modification:
    m_TransformParent: {fileID: 5116053627054293977}
    m_Modifications:
    - target: {fileID: -4216859302048453862, guid: cb5402bf6f4b6ee4a9b2379fda780bdb,
        type: 3}
      propertyPath: m_LocalPosition.x
      value: 0
      objectReference: {fileID: 0}
    - target: {fileID: -4216859302048453862, guid: cb5402bf6f4b6ee4a9b2379fda780bdb,
        type: 3}
      propertyPath: m_LocalPosition.y
      value: 0
      objectReference: {fileID: 0}
    - target: {fileID: -4216859302048453862, guid: cb5402bf6f4b6ee4a9b2379fda780bdb,
        type: 3}
      propertyPath: m_LocalPosition.z
      value: 1.7
      objectReference: {fileID: 0}
    - target: {fileID: -4216859302048453862, guid: cb5402bf6f4b6ee4a9b2379fda780bdb,
        type: 3}
      propertyPath: m_LocalRotation.x
      value: -0.7071068
      objectReference: {fileID: 0}
    - target: {fileID: -4216859302048453862, guid: cb5402bf6f4b6ee4a9b2379fda780bdb,
        type: 3}
      propertyPath: m_LocalRotation.y
      value: -0
      objectReference: {fileID: 0}
    - target: {fileID: -4216859302048453862, guid: cb5402bf6f4b6ee4a9b2379fda780bdb,
        type: 3}
      propertyPath: m_LocalRotation.z
      value: -0
      objectReference: {fileID: 0}
    - target: {fileID: -4216859302048453862, guid: cb5402bf6f4b6ee4a9b2379fda780bdb,
        type: 3}
      propertyPath: m_LocalRotation.w
      value: 0.7071068
      objectReference: {fileID: 0}
    - target: {fileID: -4216859302048453862, guid: cb5402bf6f4b6ee4a9b2379fda780bdb,
        type: 3}
      propertyPath: m_RootOrder
      value: 2
      objectReference: {fileID: 0}
    - target: {fileID: -4216859302048453862, guid: cb5402bf6f4b6ee4a9b2379fda780bdb,
        type: 3}
      propertyPath: m_LocalEulerAnglesHint.x
      value: 0
      objectReference: {fileID: 0}
    - target: {fileID: -4216859302048453862, guid: cb5402bf6f4b6ee4a9b2379fda780bdb,
        type: 3}
      propertyPath: m_LocalEulerAnglesHint.y
      value: 0
      objectReference: {fileID: 0}
    - target: {fileID: -4216859302048453862, guid: cb5402bf6f4b6ee4a9b2379fda780bdb,
        type: 3}
      propertyPath: m_LocalEulerAnglesHint.z
      value: 0
      objectReference: {fileID: 0}
    - target: {fileID: -1504981713932161579, guid: cb5402bf6f4b6ee4a9b2379fda780bdb,
        type: 3}
      propertyPath: m_Materials.Array.data[0]
      value: 
      objectReference: {fileID: 2100000, guid: a5b62b5a3e9bc7e41b388d0d744d514a, type: 2}
    - target: {fileID: -927199367670048503, guid: cb5402bf6f4b6ee4a9b2379fda780bdb,
        type: 3}
      propertyPath: m_Name
      value: DoorFrame001_LowPoly (1)
      objectReference: {fileID: 0}
    - target: {fileID: -927199367670048503, guid: cb5402bf6f4b6ee4a9b2379fda780bdb,
        type: 3}
      propertyPath: m_Layer
      value: 12
      objectReference: {fileID: 0}
    m_RemovedComponents: []
  m_SourcePrefab: {fileID: 100100000, guid: cb5402bf6f4b6ee4a9b2379fda780bdb, type: 3}
--- !u!4 &3228212136510032251 stripped
Transform:
  m_CorrespondingSourceObject: {fileID: -4216859302048453862, guid: cb5402bf6f4b6ee4a9b2379fda780bdb,
    type: 3}
  m_PrefabInstance: {fileID: 7617378190722376289}
  m_PrefabAsset: {fileID: 0}
--- !u!1001 &7788058640197164568
PrefabInstance:
  m_ObjectHideFlags: 0
  serializedVersion: 2
  m_Modification:
    m_TransformParent: {fileID: 5116053627054293977}
    m_Modifications:
    - target: {fileID: -4216859302048453862, guid: cb5402bf6f4b6ee4a9b2379fda780bdb,
        type: 3}
      propertyPath: m_LocalPosition.x
      value: 0
      objectReference: {fileID: 0}
    - target: {fileID: -4216859302048453862, guid: cb5402bf6f4b6ee4a9b2379fda780bdb,
        type: 3}
      propertyPath: m_LocalPosition.y
      value: 0
      objectReference: {fileID: 0}
    - target: {fileID: -4216859302048453862, guid: cb5402bf6f4b6ee4a9b2379fda780bdb,
        type: 3}
      propertyPath: m_LocalPosition.z
      value: 0
      objectReference: {fileID: 0}
    - target: {fileID: -4216859302048453862, guid: cb5402bf6f4b6ee4a9b2379fda780bdb,
        type: 3}
      propertyPath: m_LocalRotation.x
      value: -0.7071068
      objectReference: {fileID: 0}
    - target: {fileID: -4216859302048453862, guid: cb5402bf6f4b6ee4a9b2379fda780bdb,
        type: 3}
      propertyPath: m_LocalRotation.y
      value: -0
      objectReference: {fileID: 0}
    - target: {fileID: -4216859302048453862, guid: cb5402bf6f4b6ee4a9b2379fda780bdb,
        type: 3}
      propertyPath: m_LocalRotation.z
      value: -0
      objectReference: {fileID: 0}
    - target: {fileID: -4216859302048453862, guid: cb5402bf6f4b6ee4a9b2379fda780bdb,
        type: 3}
      propertyPath: m_LocalRotation.w
      value: 0.7071068
      objectReference: {fileID: 0}
    - target: {fileID: -4216859302048453862, guid: cb5402bf6f4b6ee4a9b2379fda780bdb,
        type: 3}
      propertyPath: m_RootOrder
      value: 1
      objectReference: {fileID: 0}
    - target: {fileID: -4216859302048453862, guid: cb5402bf6f4b6ee4a9b2379fda780bdb,
        type: 3}
      propertyPath: m_LocalEulerAnglesHint.x
      value: 0
      objectReference: {fileID: 0}
    - target: {fileID: -4216859302048453862, guid: cb5402bf6f4b6ee4a9b2379fda780bdb,
        type: 3}
      propertyPath: m_LocalEulerAnglesHint.y
      value: 0
      objectReference: {fileID: 0}
    - target: {fileID: -4216859302048453862, guid: cb5402bf6f4b6ee4a9b2379fda780bdb,
        type: 3}
      propertyPath: m_LocalEulerAnglesHint.z
      value: 0
      objectReference: {fileID: 0}
    - target: {fileID: -1504981713932161579, guid: cb5402bf6f4b6ee4a9b2379fda780bdb,
        type: 3}
      propertyPath: m_Materials.Array.data[0]
      value: 
      objectReference: {fileID: 2100000, guid: a5b62b5a3e9bc7e41b388d0d744d514a, type: 2}
    - target: {fileID: -927199367670048503, guid: cb5402bf6f4b6ee4a9b2379fda780bdb,
        type: 3}
      propertyPath: m_Name
      value: DoorFrame001_LowPoly
      objectReference: {fileID: 0}
    - target: {fileID: -927199367670048503, guid: cb5402bf6f4b6ee4a9b2379fda780bdb,
        type: 3}
      propertyPath: m_Layer
      value: 12
      objectReference: {fileID: 0}
    m_RemovedComponents: []
  m_SourcePrefab: {fileID: 100100000, guid: cb5402bf6f4b6ee4a9b2379fda780bdb, type: 3}
--- !u!4 &2985335545204618498 stripped
Transform:
  m_CorrespondingSourceObject: {fileID: -4216859302048453862, guid: cb5402bf6f4b6ee4a9b2379fda780bdb,
    type: 3}
  m_PrefabInstance: {fileID: 7788058640197164568}
  m_PrefabAsset: {fileID: 0}
--- !u!1001 &8954692452220830643
PrefabInstance:
  m_ObjectHideFlags: 0
  serializedVersion: 2
  m_Modification:
    m_TransformParent: {fileID: 5819919248322564482}
    m_Modifications:
    - target: {fileID: 5515009321516087785, guid: c7d1017d00073b44ba692c236509a2d5,
        type: 3}
      propertyPath: m_LocalPosition.x
      value: 0
      objectReference: {fileID: 0}
    - target: {fileID: 5515009321516087785, guid: c7d1017d00073b44ba692c236509a2d5,
        type: 3}
      propertyPath: m_LocalPosition.y
      value: 0
      objectReference: {fileID: 0}
    - target: {fileID: 5515009321516087785, guid: c7d1017d00073b44ba692c236509a2d5,
        type: 3}
      propertyPath: m_LocalPosition.z
      value: 0
      objectReference: {fileID: 0}
    - target: {fileID: 5515009321516087785, guid: c7d1017d00073b44ba692c236509a2d5,
        type: 3}
      propertyPath: m_LocalRotation.x
      value: -0.5
      objectReference: {fileID: 0}
    - target: {fileID: 5515009321516087785, guid: c7d1017d00073b44ba692c236509a2d5,
        type: 3}
      propertyPath: m_LocalRotation.y
      value: -0.5
      objectReference: {fileID: 0}
    - target: {fileID: 5515009321516087785, guid: c7d1017d00073b44ba692c236509a2d5,
        type: 3}
      propertyPath: m_LocalRotation.z
      value: -0.5
      objectReference: {fileID: 0}
    - target: {fileID: 5515009321516087785, guid: c7d1017d00073b44ba692c236509a2d5,
        type: 3}
      propertyPath: m_LocalRotation.w
      value: 0.5
      objectReference: {fileID: 0}
    - target: {fileID: 5515009321516087785, guid: c7d1017d00073b44ba692c236509a2d5,
        type: 3}
      propertyPath: m_RootOrder
      value: 1
      objectReference: {fileID: 0}
    - target: {fileID: 5515009321516087785, guid: c7d1017d00073b44ba692c236509a2d5,
        type: 3}
      propertyPath: m_LocalEulerAnglesHint.x
      value: -90.00001
      objectReference: {fileID: 0}
    - target: {fileID: 5515009321516087785, guid: c7d1017d00073b44ba692c236509a2d5,
        type: 3}
      propertyPath: m_LocalEulerAnglesHint.y
      value: -90
      objectReference: {fileID: 0}
    - target: {fileID: 5515009321516087785, guid: c7d1017d00073b44ba692c236509a2d5,
        type: 3}
      propertyPath: m_LocalEulerAnglesHint.z
      value: 0
      objectReference: {fileID: 0}
    - target: {fileID: 7128828870050709286, guid: c7d1017d00073b44ba692c236509a2d5,
        type: 3}
      propertyPath: m_Enabled
      value: 1
      objectReference: {fileID: 0}
    - target: {fileID: 8850248483793914874, guid: c7d1017d00073b44ba692c236509a2d5,
        type: 3}
      propertyPath: m_Name
      value: ForestDoorBarrier
      objectReference: {fileID: 0}
    - target: {fileID: 8850248483793914874, guid: c7d1017d00073b44ba692c236509a2d5,
        type: 3}
      propertyPath: m_IsActive
      value: 0
      objectReference: {fileID: 0}
    - target: {fileID: 8850248483793914874, guid: c7d1017d00073b44ba692c236509a2d5,
        type: 3}
      propertyPath: m_Layer
      value: 12
      objectReference: {fileID: 0}
    m_RemovedComponents: []
  m_SourcePrefab: {fileID: 100100000, guid: c7d1017d00073b44ba692c236509a2d5, type: 3}
--- !u!4 &3516267414131161690 stripped
Transform:
  m_CorrespondingSourceObject: {fileID: 5515009321516087785, guid: c7d1017d00073b44ba692c236509a2d5,
    type: 3}
  m_PrefabInstance: {fileID: 8954692452220830643}
  m_PrefabAsset: {fileID: 0}
